1438 2296
120 138 162 173 16
539 137 795 176 LEGENDS
823 138 889 176 OF

166 240 207 278 L.
233 240 425 278 Aemilius
445 240 537 278 inde
558 246 597 278 et
617 240 659 279 C.
683 241 874 280 Servilius
894 243 1072 282 consules
1092 244 1195 283 faeti.
1256 245 1306 284 Et

112 305 236 344 donec
264 305 305 342 in
334 305 657 356 populationibus
686 319 747 344 res
777 311 872 354 erat,
895 320 975 345 non
996 307 1045 346 ad
1065 309 1305 358 praesidium

111 370 229 408 modo
259 370 473 407 tutandum
504 369 616 407 Fabii
645 370 740 408 satis
770 376 893 417 erant,
930 371 998 410 sed
1029 378 1113 411 tota
1146 374 1305 424 regione

111 448 188 485 qua
220 434 369 472 Tuscus
401 447 494 484 ager
525 434 703 473 Romano
738 435 904 485 adjacet,
940 449 1010 474 sua
1037 442 1127 475 tuta
1156 438 1299 485 omnia,

110 498 280 537 infesta3
310 498 482 536 hostium
512 498 645 536 fecere.
719 498 980 538 Intervallum
1018 500 1161 539 deinde
1198 501 1305 540 haud

110 576 295 612 magnum
320 561 645 612 populationibus
670 562 755 609 fuit,
786 563 880 601 dum
901 569 942 602 et
961 563 1158 611 Veientes,
1181 566 1305 604 accito

110 639 159 665 ex
178 626 340 664 Etruria
364 626 551 671 exercitii,
574 626 811 677 praesidium
833 627 1040 666 Cremerae
1061 634 1302 679 oppugnant,

110 696 150 729 et
170 691 370 729 Romanae
391 690 574 741 legiones,
599 691 648 729 ab
668 690 709 728 L.
733 691 904 729 Aemilio
925 692 1083 730 consule
1099 692 1301 740 adductae,

110 755 286 794 cominus
307 768 395 793 cum
416 754 592 793 Etruscis
616 755 696 793 acie
723 755 923 793 dimicant.
983 755 1217 795 Veientibus
1236 757 1305 795 vix

109 820 279 871 spatium
309 820 387 858 fuit
407 820 528 858 aciem
549 819 747 870 dirigendi
763 835 774 867 3
803 820 861 858 ita
880 820 955 858 fusi
977 820 1026 858 ad
1047 820 1152 859 Saxa
1170 821 1305 860 Rubra

109 885 217 924 —ibi
238 891 366 923 castra
385 884 777 934 habebant—pacem
799 884 996 934 supplices
1015 890 1171 935 petunt,
1193 886 1304 936 cujus

110 950 344 1000 impetratae
375 962 468 987 mox
501 961 566 987 eos
595 949 801 999 paenituit.
874 949 1025 987 Rursus
1055 963 1143 988 cum
1171 950 1304 989 Fabiis

109 1019 193 1052 erat
230 1012 415 1052 Veienti1
462 1012 609 1064 populo
649 1019 859 1052 certamen.
918 1013 1001 1052 Nee
1035 1020 1147 1052 erant
1179 1015 1306 1053 incur-

109 1079 237 1117 siones
250 1077 368 1116 modo
382 1077 423 1115 in
438 1090 562 1127 agrOS,
578 1082 647 1115 aut
667 1077 788 1115 subiti
804 1078 977 1128 impetus
992 1078 1032 1117 in
1047 1078 1302 1126 incursantes,

109 1143 177 1182 sed
206 1142 444 1193 aliquotiens
473 1154 598 1192 aequo
627 1155 764 1192 campo
794 1141 1025 1192 collatisque
1047 1142 1200 1193 signis4
1228 1157 1305 1182 cer-

111 1212 238 1247 tatum
274 1212 360 1253 est;
407 1219 580 1257 gensque
619 1218 698 1244 una
734 1206 871 1256 populi
908 1205 1077 1244 Romani
1108 1220 1222 1258 saepe
1256 1221 1305 1246 ex

112 1271 411 1324 opulentissima
457 1270 624 1309 Etrusca
661 1271 821 1309 civitate
859 1270 1063 1309 victoriam
1096 1271 1200 1310 tulit.
1256 1272 1304 1311 Id

111 1338 236 1388 primo
271 1336 453 1375 acerbum
486 1335 774 1386 indignumque
808 1335 1042 1373 Veientibus
1071 1341 1132 1374 est
1149 1336 1277 1374 visum
1294 1351 1306 1386 3

110 1402 202 1440 inde
241 1400 448 1439 consilium
486 1405 625 1438 natum
664 1404 724 1438 est
760 1399 914 1438 insidiis
951 1400 1120 1439 ferocem
1152 1400 1304 1439 hostem

110 1466 305 1517 captandi.
367 1464 609 1504 Gaudebant
640 1464 760 1503 etiam
797 1464 924 1502 multo
962 1477 1139 1503 successu
1172 1465 1305 1504 Fabiis

109 1531 312 1570 audaciam
352 1542 535 1568 crescere.
610 1529 751 1580 Itaque
785 1534 825 1567 et
852 1542 993 1579 pecora
1021 1529 1304 1579 praedantibus

109 1596 345 1647 aliquotiens
374 1594 531 1633 obviam
566 1600 653 1632 acta
682 1598 785 1641 sunt,
816 1593 927 1632 velut
953 1607 1041 1632 casu
1063 1594 1302 1641 incidissent,

110 1667 151 1701 et
181 1660 396 1712 agrestium
426 1660 520 1710 fuga
548 1658 651 1696 vasti
680 1659 806 1697 relicti
837 1664 930 1696 sunt
956 1659 1050 1709 agri,
1073 1666 1112 1697 et
1132 1660 1306 1698 subsidia

110 1731 361 1770 armatorum,
392 1723 442 1762 ad
476 1722 662 1761 arcendas
692 1722 967 1773 populationes
996 1723 1125 1768 missa,
1152 1724 1305 1774 saepius

109 1790 293 1828 simulato
310 1802 426 1839 quam
441 1802 534 1826 vero
548 1801 691 1838 pavore
706 1787 947 1838 refugerunt.
1006 1787 1177 1837 Jamque
1194 1788 1304 1826 Fabii

109 1855 206 1893 adeo
236 1858 556 1903 contempserant
585 1852 738 1891 hostem
769 1857 813 1890 nt
842 1865 911 1889 sua
938 1865 1046 1890 arma
1074 1865 1200 1903 neque
1221 1852 1305 1891 loco

110 1933 236 1969 neque
270 1924 446 1967 tempore
472 1917 552 1955 ullo
582 1916 766 1954 sustineri
795 1929 906 1966 posse
936 1916 1151 1955 crederent.
1197 1916 1305 1955 Haec

110 1997 197 2035 spes
218 1997 283 2022 eos
304 1982 486 2033 provexit
506 1987 550 2019 ut
570 1981 619 2019 ad
644 1994 784 2031 pecora
803 1981 937 2031 procul
962 1995 984 2019 a
1010 1981 1195 2020 Cremera
1219 1995 1306 2020 con-

110 2053 243 2099 specta
280 2047 544 2092 decurrerent,
585 2058 823 2096 quamquam
862 2058 951 2083 rara
983 2045 1157 2083 hostium
1198 2059 1305 2084 arma
