1438 2296
481 140 518 177 A
525 139 657 178 NCIE
660 139 735 177 NT
762 138 875 177 ΗΘΜ
877 138 920 176 Ε.
1275 140 1298 175 5

266 308 342 348 III.
374 309 468 347 THE
496 308 682 348 HORATII
711 319 800 347 AND
828 319 913 347 THE
940 308 1151 348 CURIATII.

107 428 252 468 TULLO
275 429 478 467 HOSTILIO
497 442 587 480 rege
609 428 753 467 bellum
769 428 874 467 inter
889 429 1089 467 Romanos
1108 429 1300 468 Albanos-

108 505 184 544 que
217 499 394 532 coortum
424 499 493 532 est.
551 489 670 532 Fo'rte
694 493 735 531 in
764 492 917 532 duobus
946 498 1032 531 tum
1062 493 1300 532 exercitibus

108 562 221 596 erant
250 558 451 608 trigemini
483 558 636 603 fratres,
669 570 740 596 nec
771 563 900 596 aetate
939 571 1010 596 nec
1044 558 1197 596 viribus
1225 557 1300 596 dis-

107 635 229 673 pares.
288 621 476 661 Horatios
497 622 773 672 Curiatiosque
789 622 907 660 fuisse
923 627 1088 667 constat,
1105 622 1299 660 incertum

61 691 66 694 '
108 691 240 725 tamen
261 693 321 725 est
336 687 463 725 utrius
478 686 614 737 populi
631 686 800 732 Horatii,
817 686 945 724 utrius
958 686 1123 725 Curiatii
1139 687 1296 725 fuerint.

108 749 248 789 Plures
284 756 416 789 tamen
455 756 547 789 sunt
584 750 653 801 qui
692 750 890 789 Romanos
920 750 1108 789 Horatios
1145 757 1297 790 vocent.

109 813 210 853 Cum
247 815 467 866 trigeminis
498 816 646 866 aguntl
689 828 798 866 reges
837 820 882 852 ut
918 828 988 865 pro
1026 828 1097 853 sua
1133 816 1300 866 quisque

107 879 238 930 patria
262 879 364 918 ferro
384 879 597 918 dimicent:
626 879 681 918 ibi
710 879 915 930 imperium
946 879 1027 918 fore
1047 879 1115 918 ubi
1137 880 1301 918 victoria

107 943 236 982 fuerit.
286 943 398 982 Nihil
431 949 665 992 excusatur,
693 949 849 994 tempus
887 949 926 982 et
963 943 1069 982 locus
1103 945 1297 983 convenit.

108 1007 341 1059 Priusquam
363 1008 598 1047 dimicarent
614 1007 751 1047 foedus
766 1008 888 1047 ictum
909 1015 968 1047 est
983 1009 1087 1047 inter
1102 1008 1300 1048 Romanos

109 1078 149 1111 et
176 1072 354 1111 Albanos
382 1078 439 1121 ut,
461 1072 573 1123 cujus
601 1072 737 1123 populi
767 1072 870 1111 cives
890 1085 935 1111 eo
961 1073 1173 1111 certamine
1192 1073 1301 1112 vicis·

108 1141 208 1183 sent,
228 1136 262 1175 is
281 1136 395 1175 alteri
414 1137 558 1187 populo
579 1149 667 1175 cum
686 1137 790 1175 bona
808 1150 902 1187 pace
922 1136 1176 1187 imperitaret.

162 1200 339 1240 Foedere
354 1201 432 1240 icto
447 1201 648 1252 trigemini
663 1214 771 1239 arma
786 1201 958 1251 capiunt.
999 1200 1090 1240 Duo
1106 1201 1301 1240 exercitus

109 1265 310 1316 utrimque
349 1278 421 1316 pro
460 1266 598 1303 castris
635 1265 904 1304 consederant.
963 1265 1096 1304 Datur
1131 1266 1299 1317 signum,

109 1330 342 1381 infestisque
363 1330 481 1368 armis
509 1330 612 1368 terni
624 1329 792 1380 juvenes
807 1336 1058 1368 concurrunt.
1100 1329 1301 1369 Consertis

110 1394 254 1434 deinde
300 1394 514 1440 manibus,²
560 1393 638 1433 duo
682 1393 864 1441 Romani,
912 1393 1128 1433 vulneratis
1174 1395 1301 1433 tribus

111 1459 288 1506 Albanis,
310 1458 507 1496 interfecti
538 1464 640 1496 sunt.
687 1457 750 1496 Ad
774 1471 942 1508 quorum
962 1471 1093 1496 casum
1113 1458 1302 1497 conclam-

111 1524 195 1563 avit
212 1522 357 1575 gaudio
378 1523 556 1561 Albanus
576 1522 782 1568 exercitus,
805 1522 1002 1560 Romanas
1030 1522 1204 1574 legiones
1217 1522 1301 1573 jam

111 1601 201 1640 spes
219 1593 305 1627 tota
323 1587 562 1626 deseruerat.
609 1587 648 1625 Is
668 1594 800 1625 tamen
820 1587 887 1637 qui
908 1600 957 1626 ex
974 1586 1160 1626 Romanis
1173 1600 1302 1638 supcr-

112 1652 320 1692 fuit'forte
350 1652 504 1703 integer
541 1657 648 1699 erat;
676 1664 768 1702 ergo
798 1657 844 1689 ut
877 1656 1098 1702 segregaret
1130 1651 1301 1690 hostium

112 1730 298 1769 pugnam,
333 1716 499 1767 capessit
530 1716 674 1767 fugam,
710 1728 775 1753 eos
809 1715 864 1753 ita
893 1721 1094 1754 secuturos
1122 1721 1231 1754 ratus
1258 1720 1302 1754 ut

113 1795 309 1834 quemque
328 1781 492 1820 vulnera
512 1781 696 1819 sinerent.
740 1779 766 1817 ‚J
771 1793 832 1818 am
849 1779 1096 1830 aliquantum
1117 1779 1233 1831 spatii
1253 1793 1303 1819 ex

114 1861 160 1887 eo
185 1847 270 1886 loco
298 1846 367 1885 ubi
387 1851 605 1897 pugnatum
626 1850 685 1884 est
704 1844 921 1896 aufugerat,
941 1857 1064 1895 quum
1093 1845 1303 1895 respiciens

114 1911 224 1951 videt
243 1911 395 1962 magnis
414 1909 632 1949 intervallis
652 1915 871 1959 sequentes,
894 1921 1018 1947 unum
1043 1908 1149 1947 haud
1169 1909 1302 1960 procul

114 1977 164 2016 ab
200 1989 284 2016 sese
322 1975 466 2014 abesse.
526 1974 573 2013 In
604 1987 693 2013 eum
728 1986 871 2025 magno
898 1973 1048 2024 impetu
1083 1973 1227 2022 rediit;
1264 1980 1304 2012 et

116 2041 212 2081 dum
244 2040 424 2080 Albanus
453 2040 648 2079 exercitus
679 2037 865 2077 inclamat
899 2037 1088 2077 Curiatiis
1117 2044 1162 2077 ut
1190 2052 1302 2090 opem
