1438 2296
55 174 76 210 6
480 170 734 209 LEGENDS
760 171 828 209 OF

52 280 182 317 ferant
202 277 326 324 fratri,
342 277 423 327 jam
437 276 627 315 Horatius
640 289 750 315 caeso
764 276 877 315 hoste
892 277 1018 316 victor
1033 277 1243 316 secundam

52 355 226 393 pugnam
274 341 446 391 petebat.
524 340 634 378 Tunc
674 340 841 379 clamore
878 340 1047 378 Romani
1076 341 1244 379 militem

53 420 167 445 suum
217 405 419 455 adjuvant,
472 410 512 443 et
557 405 623 443 ille
671 404 830 455 defungi
876 404 1024 454 proelio
1069 405 1241 444 festinat.

53 471 168 509 Prius
197 471 331 520 itaque
351 483 469 520 quam
500 469 610 515 alter,
633 469 701 519 qui
729 482 800 506 nec
826 468 962 519 procul
991 469 1136 515 aberat,
1157 482 1244 507 con-

52 536 161 586 sequi
192 540 335 585 posset,
358 540 397 572 et
418 534 584 572 alterum
606 533 828 572 Curiatium
848 533 1014 571 conficit.
1073 532 1243 584 Jamque

52 606 218 650 aequato
252 599 381 637 Marte
416 598 559 648 singuli
590 602 831 648 supererant,
862 597 930 635 sed
959 611 1031 636 nec
1071 611 1139 648 spe
1172 611 1243 636 nec

51 665 202 702 viribus
221 677 344 714 pares.
377 663 490 700 Alter
508 663 611 700 ferro
623 662 796 699 intactus
813 667 851 699 et
866 662 1064 712 geminata
1079 662 1243 700 victoria

53 729 161 767 ferox
184 729 224 766 in
245 733 443 766 certamen
465 727 625 764 tertium
648 726 742 772 ibat,
765 725 865 763 alter
884 725 1045 764 vulnere
1066 739 1108 764 ao
1128 739 1242 765 cursu

52 794 187 839 fessus,
210 793 456 841 fratrumque
487 796 579 829 ante
606 804 646 829 se
666 796 797 840 strage
818 790 956 836 victus,
979 790 1083 828 hosti
1103 790 1241 829 victori

52 857 244 908 objicitur.
286 856 324 894 N
328 869 369 894 ec
384 855 481 893 illud
498 855 689 905 proelium
706 855 791 893 fuit.
832 854 1033 892 Romanus
1048 855 1241 903 exultans,

55 922 225 968 “duos‚'’
253 921 394 971 inquit,
428 920 636 958 “fratrum
668 919 852 957 manibus
881 919 983 966 dedi,
1015 920 1175 957 tertium
1199 925 1244 958 ut

52 987 253 1025 Romanus
281 984 438 1023 Albano
459 984 626 1034 imperet
646 982 784 1022 dab0.''
839 984 962 1022 Arma
982 983 1082 1023 male
1102 984 1243 1023 sustin-

53 1051 133 1089 enti
152 1049 329 1101 gladium
348 1048 487 1099 ]'ugulo
504 1048 649 1099 defigit,
667 1048 863 1099 jacentem
879 1049 1030 1100 spoliat.
1073 1048 1243 1088 Romani

52 1121 214 1154 ovantes
233 1128 276 1152 ac
295 1113 539 1164 gratulantes
559 1112 770 1151 Horatium
790 1114 988 1165 accipiunt
1007 1114 1075 1152 eo³
1095 1113 1243 1164 majore

52 1193 139 1218 cum
171 1178 315 1230 gaudio
346 1190 423 1228 quo
453 1190 574 1228 prope
603 1183 753 1216 metum
783 1191 843 1217 res
862 1178 997 1216 fuerat.
1058 1178 1244 1228 Sepulcra

52 1248 210 1282 exstant
241 1256 319 1293 quo
353 1242 520 1292 quisque
553 1241 638 1280 loco
668 1242 820 1289 accidit,
851 1243 930 1281 duo
959 1243 1137 1281 Romana
1165 1255 1243 1281 uno

52 1309 136 1347 loeo
164 1308 326 1358 propius
352 1307 509 1354 Albam,
531 1306 609 1344 tria
636 1306 793 1345 Albana
821 1307 988 1345 Romam
1007 1320 1159 1357 verSUS,
1175 1307 1243 1346 sed

52 1372 241 1411 distantia
260 1372 354 1410 locis
373 1375 419 1408 ut
438 1377 477 1409 et
497 1377 715 1422 pugnatum
736 1376 806 1409 est.

122 1538 193 1577 IV.
225 1537 335 1576 How
364 1537 588 1575 HonATms
616 1536 854 1575 DEFENDED
883 1547 967 1575 THE
995 1537 1168 1576 BRIDGE.

554 1617 630 1646 Rc.
654 1610 741 1646 508.

97 1703 159 1732 The
173 1703 313 1732 Romans
327 1702 392 1731 had
406 1702 514 1731 driven
529 1705 581 1731 out
592 1702 673 1731 their
682 1702 766 1738 kim,
782 1702 819 1731 L.
838 1702 1045 1739 Tarquinius,
1059 1702 1128 1730 with
1140 1702 1186 1730 ul!
1198 1702 1246 1731 his

48 1753 168 1790 family
183 1763 220 1782 οη
236 1756 364 1781 account
380 1752 414 1787 of
425 1753 475 1781 his
484 1756 635 1788 tyrann-11.
679 1752 759 1781 Now
770 1753 818 1781 the
833 1753 996 1789 Tarquins
1008 1761 1081 1782 were
1091 1752 1245 1788 ofElrus-

55 1813 111 1833 can
128 1803 246 1839 oriqin,
265 1812 297 1831 so
313 1802 382 1838 they
396 1802 504 1839 soztylzt
518 1802 588 1838 help
603 1801 639 1838 of
649 1802 731 1831 their
745 1802 884 1831 kinsmcn
903 1802 933 1830 ιίι
951 1802 1101 1831 Etruria.

54 1886 146 1923 JAM
167 1884 373 1935 Tarquinii
393 1884 442 1922 ad
457 1884 616 1922 Lartem
633 1884 856 1930 Porsenam,
873 1883 1080 1922 Clusinum
1101 1897 1243 1935 regem,

55 1951 320 2001 perfugerant,
342 1950 585 2000 orabantque
605 1962 653 1987 ne
679 1962 718 1987 se
744 1949 784 1986 in
809 1948 926 1987 exilio
946 1949 1079 1987 vivere
1098 1955 1247 2000 patere-

57 2022 132 2053 tur.
192 2015 365 2053 Porsena
397 2015 518 2065 igitur
552 2014 716 2052 Romam
739 2013 881 2052 infesto
913 2014 1090 2052 exercitu
1123 2014 1243 2053 venit.

57 2080 187 2128 Quum
209 2079 340 2118 hostes
361 2079 553 2125 adessent,
571 2091 706 2117 omnes
726 2078 766 2116 in
786 2078 922 2117 urbem
945 2091 992 2116 ex
1009 2077 1111 2129 agris
1126 2077 1245 2117 demi-
