1438 2296
82 153 104 188 4
507 151 576 189 LE
581 151 762 190 GENDS
790 152 856 190 OF

81 267 184 293 novo
233 254 380 306 populo
427 259 637 305 peterent;
683 268 878 306 nusquam
915 256 1084 307 benigne
1130 256 1275 307 legatio

82 318 218 357 audita
238 324 307 358 est.
353 319 522 358 Romani
543 319 584 357 id
597 333 712 370 aegre
727 320 842 370 passi,
866 320 913 359 ad
931 321 1011 358 vim
1029 321 1272 371 spectabant.

81 383 274 422 Romulus
309 388 452 430 autem,
494 384 593 421 iram
632 383 895 432 dissimulans,
934 384 1050 423 ludos
1082 384 1275 424 solemnes

83 447 273 498 Neptuno
312 453 436 498 parat.
496 447 623 486 Indici
662 448 754 487 inde
792 449 970 487 finitimis
1008 449 1274 500 spectaculum

76 512 201 563 jubet.
261 512 383 550 Multi
413 512 599 550 mortales
628 513 760 551 studio
788 526 913 551 novae
942 513 1049 551 urbis
1082 513 1274 552 videndae

81 581 358 623 convenerant,
399 581 439 614 et
485 576 722 615 Sabinorum
771 577 898 615 omnis
934 577 1150 616 multitudo
1186 591 1274 616 cum

83 639 216 678 liberis
241 653 285 678 ac
305 639 539 690 conjugibus
559 640 730 679 adfuere.
789 640 870 679 Ubi
891 641 1101 691 spectaculi
1120 646 1275 692 tempus

81 704 192 742 venit
229 709 270 742 et
307 709 460 742 mentes
498 704 675 742 omnium
713 717 800 743 cum
838 704 959 743 oculis
996 705 1085 743 huic
1117 705 1274 744 deditae

83 772 206 815 erant,
229 772 315 805 tum
336 767 448 818 signo
468 766 561 805 dato
581 767 770 817 juventus
791 768 970 807 Romana
989 768 1038 807 ad
1067 769 1275 820 rapiendas

82 831 254 882 virgines
301 831 498 869 discurrit.
575 831 753 870 Turbato
799 846 869 882 per
915 839 1066 871 metum
1112 833 1272 880 ludicro,

83 896 222 934 maesti
255 901 439 946 parentes
478 895 675 946 virginum
716 897 958 947 profugiunt,
993 897 1111 935 deum
1147 898 1275 936 invoc-

81 965 203 1007 antes,
239 959 352 1010 cujus
382 959 432 998 ad
462 959 577 998 ludos
605 959 760 1010 decepti
780 961 991 999 venissent.
1050 961 1132 999 Nec
1152 961 1274 1012 raptis

81 1024 304 1075 indignatio
334 1029 392 1062 est
412 1023 552 1062 minor.
612 1023 689 1062 Sed
710 1024 904 1062 Romulus
924 1024 1005 1075 ipse
1027 1025 1269 1071 circumibat,

81 1089 323 1138 docebatque
362 1088 546 1139 superbia
597 1093 756 1139 patrum
805 1089 845 1127 id
884 1090 1031 1127 factum
1071 1103 1164 1137 esse,
1208 1091 1272 1141 qui

81 1153 290 1192 conubium
310 1152 489 1190 finitimis
509 1158 718 1203 negassent
734 1168 744 1201 5
773 1153 974 1192 mollirent
993 1153 1110 1192 modo
1129 1154 1218 1200 iras,
1235 1162 1273 1193 et

80 1219 127 1256 iis
148 1217 298 1256 animos
319 1216 460 1255 darent
489 1217 632 1267 quibus
658 1217 738 1256 fors
767 1231 929 1268 corpora
957 1218 1139 1257 dedisset.
1181 1219 1272 1258 Jam

81 1281 295 1321 admodum
327 1281 500 1332 mitigati
535 1282 656 1320 animi
685 1282 808 1333 raptis
837 1288 976 1331 erant;
1005 1289 1046 1321 at
1073 1289 1272 1334 raptarum

81 1352 274 1399 parentes,
310 1346 480 1384 lacrimis
514 1350 554 1384 et
586 1346 756 1396 querelis
794 1347 973 1385 civitates
1011 1347 1271 1395 concitabant,

81 1412 306 1462 bellumque
345 1424 367 1449 a
405 1410 562 1449 Sabinis
601 1417 730 1449 ortum
770 1416 837 1450 est.
897 1411 1089 1450 Conserto
1128 1413 1274 1463 proelio

81 1476 250 1516 Sabinae
283 1475 478 1522 mulieres,
516 1488 683 1525 quarum
715 1488 763 1513 ex
792 1475 939 1525 injuria
967 1475 1113 1514 bellum
1142 1483 1273 1515 ortum

81 1547 174 1589 erat,
216 1540 390 1579 crinibus
427 1540 551 1590 passis
585 1539 781 1590 scissaque
815 1545 922 1578 veste
956 1553 1071 1578 ausae
1109 1547 1202 1579 sunt
1234 1554 1274 1580 se

79 1606 185 1644 inter
213 1604 291 1643 tela
319 1604 494 1642 volantia
523 1604 679 1651 inferre,
701 1609 741 1643 et
769 1604 931 1642 infestas
958 1604 1058 1643 acies
1078 1604 1271 1653 dirimere,

81 1671 172 1709 hinc
192 1675 334 1721 patres,
357 1669 449 1707 hinc
471 1669 574 1707 viros
596 1675 753 1707 orantes
782 1682 830 1707 ne
851 1669 973 1708 soceri
1003 1669 1214 1720 generique
1234 1684 1273 1708 se

82 1735 252 1774 nefando
287 1733 476 1785 sanguine
516 1739 796 1784 respergerent.
856 1733 995 1772 Movet
1031 1747 1092 1773 res
1125 1735 1275 1785 quum2

80 1799 378 1838 multitudinem
400 1804 485 1836 tum
510 1797 637 1836 duces.
704 1798 914 1836 Silentium
945 1804 984 1836 et
1004 1799 1210 1849 repentina
1230 1800 1275 1838 fit

80 1865 191 1915 quies
210 1879 219 1912 3
247 1863 339 1901 inde
360 1863 409 1901 ad
429 1863 568 1901 foedus
588 1862 811 1900 faciendum
832 1862 951 1901 duces
972 1863 1182 1913 prodeunt,
1203 1877 1274 1902 nec

79 1942 212 1980 pacem
244 1928 361 1966 modo
388 1927 455 1965 secl
485 1927 686 1965 civitatem
713 1940 829 1965 unani
858 1940 906 1965 ex
933 1927 1085 1965 duabus
1111 1927 1270 1975 faciunt,

80 2006 243 2045 reguum
290 1992 526 2038 consociant,
575 1991 783 2041 imperium
826 2004 941 2030 omne
980 1991 1148 2030 Romam
1187 2005 1273 2030 con-

81 2058 222 2095 ferunt.

1424 239 1434 329 vsu—„-
