1438 2296
458 139 496 177 A
502 139 713 178 NCJE'NT
740 139 899 178 ROME.
1228 142 1275 175 35

84 242 210 294 petiit.
269 242 368 281 Inde
387 256 479 293 pars
498 255 569 293 per
588 255 701 293 agros
722 242 874 293 dilapsi,
894 256 983 293 pars
999 242 1116 282 urbes
1135 248 1279 293 petunt

85 306 283 355 finitimas,
308 307 391 346 sine
417 306 498 345 ullo
524 306 622 344 duce
648 312 718 345 aut
743 320 945 352 consensu,
973 320 1088 345 suum
1114 307 1279 357 quisque

85 370 292 410 consilium
330 376 600 421 exsequentes.
665 370 829 409 Flamen
866 371 1019 409 interea
1061 371 1278 419 Quirinalis

85 435 335 486 virginesque
363 434 544 473 Vestales
572 447 671 485 quae
701 447 900 472 sacrorum
920 448 1050 473 secum
1072 435 1174 474 ferre
1195 448 1275 474 non

87 504 271 550 poterant
303 499 344 537 in
378 499 518 537 sacello
551 511 674 549 prope
704 498 873 536 flaminis
906 498 1021 537 aedes
1054 499 1276 547 defodiunt,

87 568 226 610 cetera,
249 563 396 614 partito
425 563 531 601 inter
558 576 598 601 se
619 575 748 608 onere,
770 563 835 601 via
854 576 953 613 quae
975 563 1084 601 ducit
1104 563 1154 601 ad
1173 563 1280 602 Jani-

87 627 219 667 culum
266 628 410 666 ferunt.
486 627 563 665 Eas
601 640 722 677 quum
760 627 803 665 L.
845 627 1041 673 Albinius,
1081 627 1130 666 de
1169 627 1281 678 plebe

89 692 271 731 Romana
303 692 432 739 horno,
469 692 750 742 conspexisset,
783 691 962 742 plaustro
1001 692 1207 743 conjugem
1238 706 1282 731 ac

88 756 234 795 liberos
269 756 429 802 habens,
472 755 735 806 irreligiosum
774 761 884 794 ratus
925 755 1146 794 sacerdotes
1190 756 1284 807 pub-

91 820 186 859 licos
206 833 394 871 sacraque
415 819 550 871 populi
572 820 741 858 Romani
762 819 928 870 pedibus
948 820 1004 859 ire
1024 821 1222 871 ferrique,ยน
1243 834 1282 859 se

89 889 222 924 autem
239 898 281 923 ac
302 897 392 923 suos
412 884 453 922 in
470 884 649 922 vehiculo
665 884 848 935 conspici,
865 883 1101 923 descendere
1121 898 1283 924 uxorem

90 963 133 988 ac
162 962 303 1000 pueros
331 949 462 999 jussit,
484 948 656 999 virgines
684 961 869 999 sacraque
897 949 938 987 in
968 949 1188 1000 plaustrum
1215 949 1284 987 im-

90 1013 223 1064 posuit
236 1017 277 1051 et
295 1012 418 1052 Caere
438 1012 630 1063 pervexit.

147 1077 297 1116 Romae
326 1077 499 1123 interim,
535 1076 719 1115 omnibus
751 1076 830 1126 jam
861 1076 911 1115 ad
941 1077 1127 1115 tuendam
1158 1091 1284 1116 arcem

92 1141 250 1192 paratis,
282 1141 400 1179 turba
442 1140 639 1178 seniorum
681 1139 818 1178 domos
857 1153 1032 1191 regressa
1069 1140 1284 1179 adventum

90 1205 266 1244 hostium
313 1205 513 1243 obstinato
551 1204 600 1242 ad
648 1210 815 1242 mortem
862 1205 993 1242 animo
1040 1205 1281 1254 expectabat.

92 1269 170 1318 Qui
204 1283 342 1309 eorum
376 1269 530 1308 curules
563 1273 766 1319 gesserant
799 1269 1064 1319 magistratus,
1095 1269 1286 1319 augustis-

93 1335 193 1373 sima
234 1339 344 1372 veste
391 1333 527 1372 vestiti
573 1332 704 1371 medio
750 1332 908 1371 aedium
954 1333 1136 1371 eburneis
1182 1333 1286 1371 sellis

94 1398 241 1438 sedere.
313 1397 419 1437 Galli
457 1397 621 1448 ingressi
660 1403 817 1447 postero
855 1396 918 1435 die
956 1397 1093 1435 urbem
1128 1403 1286 1448 patente

94 1462 251 1502 Collina
287 1468 403 1513 porta
439 1462 480 1500 in
519 1462 647 1500 forum
685 1461 935 1512 perveniunt,
967 1461 1287 1500 circumferentes

96 1527 229 1567 oculos
249 1527 299 1566 ad
321 1526 471 1577 templa
491 1526 621 1573 deum,
639 1539 844 1575 arcemque
865 1525 986 1563 solam
1006 1525 1098 1564 belli
1118 1526 1286 1576 speciem

96 1597 310 1631 tenentem.
388 1590 487 1629 Inde
518 1590 672 1628 modico
704 1589 840 1628 relicto
873 1589 1079 1640 praesidio,
1115 1603 1163 1628 ne
1200 1592 1288 1641 quis

96 1669 146 1694 ex
165 1664 253 1694 arce
271 1655 446 1705 impetus
466 1655 588 1701 fieret,
612 1653 754 1704 dilapsi
775 1653 823 1691 ad
845 1653 1041 1704 praedam,
1063 1655 1194 1693 vacuis
1214 1655 1288 1694 viis

95 1733 186 1772 pars
223 1719 265 1758 in
303 1719 484 1770 proxima
523 1723 626 1757 tecta
664 1723 796 1764 ruunt,
829 1731 918 1768 pars
956 1718 1098 1756 ultima
1135 1724 1285 1769 petunt.

97 1783 198 1824 Inde
237 1797 370 1822 rursus
407 1783 493 1834 ipsa
530 1782 743 1821 solitudine
773 1782 966 1829 exterriti,
1001 1796 1050 1821 ne
1079 1796 1155 1833 qua
1183 1784 1290 1822 fraus

98 1848 254 1888 hostilis
273 1861 393 1900 vagos
422 1848 632 1898 exciperet,
654 1847 695 1885 in
725 1847 855 1885 forum
884 1860 928 1885 ac
956 1848 1178 1898 propinqua
1206 1848 1290 1887 foro

99 1913 184 1953 loca.
203 1913 413 1961 redibant5
441 1912 508 1950 ubi
530 1911 655 1962 plebis
686 1911 871 1949 aedificiis
901 1911 1102 1958 obseratis,
1125 1913 1291 1962 patenti-

99 1978 172 2016 bus
201 1977 311 2016 atriis
340 1977 573 2028 principum,
597 1975 725 2026 major
753 1988 875 2026 prope
904 1976 1103 2014 cunctatio
1132 1977 1291 2015 tenebat

101 2049 239 2094 aperta
267 2055 384 2093 quam
414 2041 544 2080 clausa
572 2039 798 2079 invadendi.
857 2039 1138 2078 Venerabundi
1168 2041 1291 2080 intue-
