1438 2296
459 151 712 189 ANGIENT
738 151 899 189 ROME.
1252 154 1273 189 9

85 254 256 294 caedem.
317 255 542 293 Romanum
562 258 622 292 est
642 258 683 292 et
701 253 827 292 facere
847 258 887 292 et
907 253 1000 304 pati.
1071 253 1154 292 Nec
1172 267 1275 292 unus

84 319 126 357 in
146 324 186 358 te
205 318 278 357 hos
301 318 453 357 animos
472 317 574 369 gessi
593 332 602 365 ;
627 317 817 368 juventus
839 317 911 355 tibi
941 317 1120 355 Romana
1148 317 1275 356 omnis

83 382 231 422 bellum
250 382 401 421 indicit.
460 381 521 420 Ne
541 382 674 430 aciem,
693 395 742 420 ne
762 381 954 433 proelium
975 381 1154 420 timueris
1169 397 1178 429 3
1205 382 1273 420 uni

84 447 158 485 tibi
177 452 218 486 et
237 460 323 486 cum
345 446 509 497 singulis
529 459 590 485 res
606 446 716 484 erit.’'
756 447 856 483 Tum
877 458 947 484 rex
963 445 1078 483 simul
1099 445 1157 484 ira
1175 459 1275 484 com-

83 516 216 549 motus
236 510 487 562 periculoque
502 500 748 556 conteri-itus,
762 510 893 560 ignem
909 509 1139 548 circumdari
1158 510 1275 560 jussit

84 574 161 613 nisi
189 587 354 625 propere
383 579 600 624 exponeret
627 587 724 624 quas
753 574 826 612 sibi
856 574 1018 612 insidias
1046 574 1272 612 minaretur.

84 637 240 677 Mucius
281 644 426 683 autem,
458 643 504 676 ut
536 643 775 677 monstraret
811 651 851 676 se
889 639 1062 688 corporis
1099 638 1274 678 dolorem

60 701 200 740 'nihili
233 702 360 740 facere
401 701 581 740 dextram
616 714 776 740 accenso
807 701 857 740 ad
889 702 1119 740 sacrificium
1147 702 1274 742 foculo

83 764 232 815 injecit.
290 765 389 809 Rex,
411 770 563 803 tantam
592 765 867 803 fortitudinem
896 765 1072 813 miratus,
1103 767 1276 805 amoveri

83 829 133 868 ab
153 829 342 868 altaribus
357 829 544 879 juvenem
560 829 692 879 jussit,
711 835 752 868 et
770 829 939 868 liberum
959 830 1274 882 inviolatumque

83 893 249 932 dimisit.
308 893 420 932 Tunc
440 893 607 940 Mucius,
632 897 655 914 “
669 893 900 940 Beneficio,¹'
920 894 1062 945 inquit,
1087 899 1214 934 “ame
1234 895 1274 934 id

83 958 211 997 tulisti
258 958 366 1009 quod
412 958 530 996 minis
576 958 750 1009 nequisti
766 973 776 1007 3
830 959 996 998 trecenti
1049 959 1274 1010 juventutis

83 1023 286 1061 Romanae
317 1022 515 1074 principes
553 1023 846 1073 conjuravimus
882 1028 927 1061 ut
957 1023 998 1062 in
1032 1029 1072 1063 te
1105 1023 1176 1063 hac
1210 1025 1275 1064 via

83 1100 361 1138 grassaremur.
419 1087 512 1126 Mea
531 1087 660 1138 prima
679 1100 762 1126 sors
782 1087 874 1135 fuit;
894 1088 1011 1126 ceteri
1025 1101 1094 1127 suo
1110 1089 1274 1139 quisque

84 1156 261 1202 tempore
294 1150 500 1189 aderunt.’'
570 1151 685 1198 Huic,
721 1164 841 1202 quum
876 1151 1043 1190 Romam
1078 1152 1270 1199 rediisset,

83 1215 293 1255 Scaevolae
326 1228 349 1254 a
379 1214 487 1254 clade
521 1214 685 1254 dextrae
719 1228 860 1254 manus
890 1229 1106 1268 cognomen
1137 1217 1272 1256 datum

83 1285 153 1319 est.

240 1425 310 1465 VI.
341 1425 435 1465 THE
464 1426 629 1465 BAmE
658 1437 711 1466 or
738 1427 860 1466 LAKE
888 1428 1112 1468 Rnemms.

579 1518 653 1547 Ro.
687 1510 774 1547 499.

122 1611 265 1641 Porsena
287 1612 406 1648 huz-inq
427 1612 518 1642 made
538 1621 630 1649 peace
651 1613 725 1642 with
739 1612 844 1649 Rome,
865 1613 1066 1650 Tarquinius
1079 1617 1158 1644 went
1171 1618 1201 1644 to
1215 1615 1275 1645 live

85 1661 121 1691 in
139 1662 219 1691 exile
238 1665 272 1691 at
295 1662 466 1691 Tusculum
488 1663 525 1691 in
550 1663 688 1696 Latium.
705 1663 773 1693 and
786 1662 899 1700 joined
920 1664 968 1694 tlte
987 1664 1104 1694 Latius
1125 1665 1159 1694 in
1173 1674 1194 1694 a
1207 1674 1275 1695 war

83 1711 158 1740 with
170 1711 275 1748 Rome,
292 1711 410 1749 hoping]
424 1712 496 1741 thus
511 1716 540 1741 to
555 1721 675 1742 recor-cr
689 1713 738 1742 his
751 1713 871 1744 throne.

135 1792 265 1832 Aulus
285 1793 514 1833 Postumius
534 1794 716 1840 dictator,
737 1795 851 1834 Titus
872 1796 1069 1835 Aebutius
1089 1797 1276 1848 magister

83 1859 263 1909 equitum
307 1872 396 1898 cum
443 1861 595 1911 magnis
643 1860 764 1910 copiis
792 1860 981 1911 ,peditum
1019 1862 1275 1913 equitumque

83 1922 259 1973 profecti,
279 1923 330 1962 ad
350 1923 478 1962 lacum
499 1924 694 1975 Regillum
715 1925 756 1962 in
777 1938 869 1976 agro
889 1925 1110 1965 Tusculano
1129 1926 1274 1978 agmini

83 1987 258 2026 hostium
303 1994 569 2036 occurrerunt,
617 1994 658 2027 et
704 1989 796 2040 quia
833 1989 1068 2041 Tarquinios
1114 2004 1197 2030 esse
1234 1991 1274 2030 in

83 2052 260 2090 exercitu
296 2052 526 2092 Latinorum
566 2053 745 2091 auditum
785 2059 854 2101 est,
894 2054 1062 2093 Romani
1091 2055 1274 2093 sustineri
