<?xml version="1.0" encoding="UTF-8"?>
<!DOCTYPE html PUBLIC "-//W3C//DTD XHTML 1.0 Transitional//EN"
    "http://www.w3.org/TR/xhtml1/DTD/xhtml1-transitional.dtd">
<html xmlns="http://www.w3.org/1999/xhtml" xml:lang="en" lang="en">
 <head>
  <title>
</title>
<meta http-equiv="Content-Type" content="text/html;charset=utf-8" />
  <meta name='ocr-system' content='tesseract 3.04.00' />
  <meta name='ocr-capabilities' content='ocr_page ocr_carea ocr_par ocr_line ocrx_word'/>
</head>
<body>
  <div class='ocr_page' id='page_1' title='image "./legendsofancient00livyuoft_0030.png"; bbox 0 0 1438 2296; ppageno 0'>
   <div class='ocr_carea' id='block_1_1' title="bbox 131 146 906 185">
    <p class='ocr_par' dir='ltr' id='par_1_1' title="bbox 131 146 906 185">
     <span class='ocr_line' id='line_1_1' title="bbox 131 146 906 185; baseline 0.003 -2"><span class='ocrx_word' id='word_1_1' title='bbox 131 148 179 184; x_wconf 82' lang='lat'>22</span> <span class='ocrx_word' id='word_1_2' title='bbox 557 146 626 184; x_wconf 89' lang='lat' dir='ltr'>LE</span> <span class='ocrx_word' id='word_1_3' title='bbox 630 146 746 185; x_wconf 77' lang='lat' dir='ltr'>GEN</span> <span class='ocrx_word' id='word_1_4' title='bbox 744 146 811 185; x_wconf 86' lang='lat' dir='ltr'>DS</span> <span class='ocrx_word' id='word_1_5' title='bbox 839 147 906 185; x_wconf 88' lang='lat' dir='ltr'>OF</span> 
     </span>
    </p>
   </div>
   <div class='ocr_carea' id='block_1_2' title="bbox 119 249 1326 2107">
    <p class='ocr_par' dir='ltr' id='par_1_2' title="bbox 119 249 1326 1979">
     <span class='ocr_line' id='line_1_2' title="bbox 182 249 1325 290; baseline 0.003 -3"><span class='ocrx_word' id='word_1_6' title='bbox 182 249 294 288; x_wconf 82' lang='lat' dir='ltr'>Inter</span> <span class='ocrx_word' id='word_1_7' title='bbox 329 249 462 288; x_wconf 88' lang='lat' dir='ltr'>hostes</span> <span class='ocrx_word' id='word_1_8' title='bbox 500 249 631 288; x_wconf 88' lang='lat' dir='ltr'>variae</span> <span class='ocrx_word' id='word_1_9' title='bbox 671 250 779 288; x_wconf 88' lang='lat' dir='ltr'>fuere</span> <span class='ocrx_word' id='word_1_10' title='bbox 817 251 1049 289; x_wconf 87' lang='lat' dir='ltr'>sententiae.</span> <span class='ocrx_word' id='word_1_11' title='bbox 1124 251 1325 290; x_wconf 78' lang='lat' dir='ltr'>Faliscus²</span> 
     </span>
     <span class='ocr_line' id='line_1_3' title="bbox 128 313 1325 366; baseline 0.003 -16"><span class='ocrx_word' id='word_1_12' title='bbox 128 313 264 364; x_wconf 87' lang='lat' dir='ltr'>procul</span> <span class='ocrx_word' id='word_1_13' title='bbox 303 313 352 351; x_wconf 85' lang='lat' dir='ltr'>ab</span> <span class='ocrx_word' id='word_1_14' title='bbox 390 313 507 352; x_wconf 86' lang='lat' dir='ltr'>domo</span> <span class='ocrx_word' id='word_1_15' title='bbox 555 314 739 352; x_wconf 88' lang='lat' dir='ltr'>militiam</span> <span class='ocrx_word' id='word_1_16' title='bbox 781 327 897 366; x_wconf 80' lang='lat' dir='ltr'>aegre</span> <span class='ocrx_word' id='word_1_17' title='bbox 945 315 1112 365; x_wconf 88' lang='lat' dir='ltr'>patiens,</span> <span class='ocrx_word' id='word_1_18' title='bbox 1152 316 1325 366; x_wconf 85' lang='lat' dir='ltr'>satisque</span> 
     </span>
     <span class='ocr_line' id='line_1_4' title="bbox 128 377 1325 431; baseline 0.003 -16"><span class='ocrx_word' id='word_1_19' title='bbox 128 377 203 415; x_wconf 87' lang='lat' dir='ltr'>sibi</span> <span class='ocrx_word' id='word_1_20' title='bbox 241 377 378 425; x_wconf 87' lang='lat' dir='ltr'>fidens,</span> <span class='ocrx_word' id='word_1_21' title='bbox 409 391 582 429; x_wconf 83' lang='lat' dir='ltr'>pugnam</span> <span class='ocrx_word' id='word_1_22' title='bbox 620 380 826 429; x_wconf 78' lang='lat' dir='ltr'>poscere23</span> <span class='ocrx_word' id='word_1_23' title='bbox 863 379 1024 418; x_wconf 80' lang='lat' dir='ltr'>Veienti</span> <span class='ocrx_word' id='word_1_24' title='bbox 1062 379 1325 431; x_wconf 78' lang='lat' dir='ltr'>Fidenatique</span> 
     </span>
     <span class='ocr_line' id='line_1_5' title="bbox 130 442 1323 493; baseline 0.003 -13"><span class='ocrx_word' id='word_1_25' title='bbox 130 442 216 492; x_wconf 84' lang='lat' dir='ltr'>plus</span> <span class='ocrx_word' id='word_1_26' title='bbox 263 443 347 493; x_wconf 85' lang='lat' dir='ltr'>spei</span> <span class='ocrx_word' id='word_1_27' title='bbox 394 443 435 480; x_wconf 92' lang='lat' dir='ltr'>in</span> <span class='ocrx_word' id='word_1_28' title='bbox 492 443 685 482; x_wconf 87' lang='lat' dir='ltr'>trahendo</span> <span class='ocrx_word' id='word_1_29' title='bbox 741 443 846 482; x_wconf 87' lang='lat' dir='ltr'>bello</span> <span class='ocrx_word' id='word_1_30' title='bbox 902 457 994 482; x_wconf 88' lang='lat' dir='ltr'>esse.</span> <span class='ocrx_word' id='word_1_31' title='bbox 1078 443 1323 492; x_wconf 88' lang='lat' dir='ltr'>Tolumnius,</span> 
     </span>
     <span class='ocr_line' id='line_1_6' title="bbox 128 507 1321 559; baseline 0.003 -15"><span class='ocrx_word' id='word_1_32' title='bbox 128 520 366 557; x_wconf 86' lang='lat' dir='ltr'>quamquam</span> <span class='ocrx_word' id='word_1_33' title='bbox 396 521 555 546; x_wconf 88' lang='lat' dir='ltr'>suorum</span> <span class='ocrx_word' id='word_1_34' title='bbox 585 508 708 559; x_wconf 87' lang='lat' dir='ltr'>magis</span> <span class='ocrx_word' id='word_1_35' title='bbox 737 507 946 558; x_wconf 83' lang='lat' dir='ltr'>placebant</span> <span class='ocrx_word' id='word_1_36' title='bbox 967 509 1140 555; x_wconf 85' lang='lat' dir='ltr'>consilia,</span> <span class='ocrx_word' id='word_1_37' title='bbox 1162 514 1321 559; x_wconf 89' lang='lat' dir='ltr'>postero</span> 
     </span>
     <span class='ocr_line' id='line_1_7' title="bbox 127 571 1326 624; baseline 0.003 -16"><span class='ocrx_word' id='word_1_38' title='bbox 127 576 260 609; x_wconf 83' lang='lat' dir='ltr'>tamen</span> <span class='ocrx_word' id='word_1_39' title='bbox 281 571 344 610; x_wconf 88' lang='lat' dir='ltr'>die</span> <span class='ocrx_word' id='word_1_40' title='bbox 365 585 405 610; x_wconf 91' lang='lat' dir='ltr'>se</span> <span class='ocrx_word' id='word_1_41' title='bbox 426 577 693 622; x_wconf 82' lang='lat' dir='ltr'>pugnaturum</span> <span class='ocrx_word' id='word_1_42' title='bbox 715 573 842 611; x_wconf 81' lang='lat' dir='ltr'>edixit</span> <span class='ocrx_word' id='word_1_43' title='bbox 861 586 911 612; x_wconf 88' lang='lat' dir='ltr'>ne</span> <span class='ocrx_word' id='word_1_44' title='bbox 937 573 1195 624; x_wconf 85' lang='lat' dir='ltr'>longinquam</span> <span class='ocrx_word' id='word_1_45' title='bbox 1223 573 1326 612; x_wconf 89' lang='lat' dir='ltr'>mili-</span> 
     </span>
     <span class='ocr_line' id='line_1_8' title="bbox 128 636 1322 686; baseline 0.003 -13"><span class='ocrx_word' id='word_1_46' title='bbox 128 636 223 673; x_wconf 85' lang='lat' dir='ltr'>tiam</span> <span class='ocrx_word' id='word_1_47' title='bbox 253 649 333 674; x_wconf 91' lang='lat' dir='ltr'>non</span> <span class='ocrx_word' id='word_1_48' title='bbox 364 642 595 686; x_wconf 87' lang='lat' dir='ltr'>paterentur</span> <span class='ocrx_word' id='word_1_49' title='bbox 624 637 775 675; x_wconf 82' lang='lat' dir='ltr'>Falisci.</span> <span class='ocrx_word' id='word_1_50' title='bbox 838 637 1035 676; x_wconf 86' lang='lat' dir='ltr'>Dictatori</span> <span class='ocrx_word' id='word_1_51' title='bbox 1055 643 1095 676; x_wconf 85' lang='lat' dir='ltr'>et</span> <span class='ocrx_word' id='word_1_52' title='bbox 1121 638 1322 685; x_wconf 88' lang='lat' dir='ltr'>Romanis,</span> 
     </span>
     <span class='ocr_line' id='line_1_9' title="bbox 127 700 1324 752; baseline 0.003 -15"><span class='ocrx_word' id='word_1_53' title='bbox 127 700 233 750; x_wconf 86' lang='lat' dir='ltr'>quod</span> <span class='ocrx_word' id='word_1_54' title='bbox 268 700 526 739; x_wconf 80' lang='lat' dir='ltr'>detrectasset</span> <span class='ocrx_word' id='word_1_55' title='bbox 561 715 734 752; x_wconf 87' lang='lat' dir='ltr'>pugnam</span> <span class='ocrx_word' id='word_1_56' title='bbox 772 701 907 747; x_wconf 89' lang='lat' dir='ltr'>hostis,</span> <span class='ocrx_word' id='word_1_57' title='bbox 949 701 1070 740; x_wconf 89' lang='lat' dir='ltr'>animi</span> <span class='ocrx_word' id='word_1_58' title='bbox 1108 715 1300 741; x_wconf 84' lang='lat' dir='ltr'>accessere</span> <span class='ocrx_word' id='word_1_59' title='bbox 1313 716 1324 749; x_wconf 68' lang='grc' dir='ltr'><strong><em>ς</em></strong></span> 
     </span>
     <span class='ocr_line' id='line_1_10' title="bbox 129 765 1324 816; baseline 0.002 -14"><span class='ocrx_word' id='word_1_60' title='bbox 129 770 366 816; x_wconf 87' lang='lat' dir='ltr'>posteroque</span> <span class='ocrx_word' id='word_1_61' title='bbox 396 766 460 804; x_wconf 89' lang='lat' dir='ltr'>die</span> <span class='ocrx_word' id='word_1_62' title='bbox 489 765 591 804; x_wconf 88' lang='lat' dir='ltr'>acies</span> <span class='ocrx_word' id='word_1_63' title='bbox 620 766 819 816; x_wconf 85' lang='lat' dir='ltr'>utrimque</span> <span class='ocrx_word' id='word_1_64' title='bbox 848 766 952 804; x_wconf 88' lang='lat' dir='ltr'>inter</span> <span class='ocrx_word' id='word_1_65' title='bbox 979 766 1101 804; x_wconf 73' lang='lat' dir='ltr'>bina4</span> <span class='ocrx_word' id='word_1_66' title='bbox 1129 772 1256 804; x_wconf 87' lang='lat' dir='ltr'>castra.</span> <span class='ocrx_word' id='word_1_67' title='bbox 1283 766 1324 804; x_wconf 89' lang='lat' dir='ltr'>in</span> 
     </span>
     <span class='ocr_line' id='line_1_11' title="bbox 129 829 1325 881; baseline 0.001 -14"><span class='ocrx_word' id='word_1_68' title='bbox 129 829 303 867; x_wconf 87' lang='lat' dir='ltr'>medium</span> <span class='ocrx_word' id='word_1_69' title='bbox 326 830 453 880; x_wconf 86' lang='lat' dir='ltr'>campi</span> <span class='ocrx_word' id='word_1_70' title='bbox 474 830 703 881; x_wconf 86' lang='lat' dir='ltr'>procedunt.</span> <span class='ocrx_word' id='word_1_71' title='bbox 762 830 918 877; x_wconf 89' lang='lat' dir='ltr'>Veiens,</span> <span class='ocrx_word' id='word_1_72' title='bbox 933 830 1190 869; x_wconf 87' lang='lat' dir='ltr'>multitudine</span> <span class='ocrx_word' id='word_1_73' title='bbox 1205 831 1325 868; x_wconf 84' lang='lat' dir='ltr'>abun-</span> 
     </span>
     <span class='ocr_line' id='line_1_12' title="bbox 125 893 1323 945; baseline 0.002 -14"><span class='ocrx_word' id='word_1_74' title='bbox 125 893 234 941; x_wconf 89' lang='lat' dir='ltr'>dans,</span> <span class='ocrx_word' id='word_1_75' title='bbox 252 900 342 944; x_wconf 87' lang='lat' dir='ltr'>post</span> <span class='ocrx_word' id='word_1_76' title='bbox 362 899 515 933; x_wconf 91' lang='lat' dir='ltr'>montes</span> <span class='ocrx_word' id='word_1_77' title='bbox 537 894 792 932; x_wconf 82' lang='lat' dir='ltr'>circummisit</span> <span class='ocrx_word' id='word_1_78' title='bbox 807 895 897 945; x_wconf 85' lang='lat' dir='ltr'>qui⁵</span> <span class='ocrx_word' id='word_1_79' title='bbox 912 895 1016 933; x_wconf 84' lang='lat' dir='ltr'>inter</span> <span class='ocrx_word' id='word_1_80' title='bbox 1031 894 1323 933; x_wconf 80' lang='lat' dir='ltr'>dimicationem</span> 
     </span>
     <span class='ocr_line' id='line_1_13' title="bbox 129 958 1323 1009; baseline 0.001 -13"><span class='ocrx_word' id='word_1_81' title='bbox 129 964 259 996; x_wconf 87' lang='lat' dir='ltr'>castra</span> <span class='ocrx_word' id='word_1_82' title='bbox 292 959 472 996; x_wconf 83' lang='lat' dir='ltr'>Romana</span> <span class='ocrx_word' id='word_1_83' title='bbox 503 959 822 1009; x_wconf 80' lang='lat' dir='ltr'>aggrederentur.</span> <span class='ocrx_word' id='word_1_84' title='bbox 918 959 1055 996; x_wconf 86' lang='lat' dir='ltr'>Trium</span> <span class='ocrx_word' id='word_1_85' title='bbox 1088 958 1323 1009; x_wconf 87' lang='lat' dir='ltr'>populorum</span> 
     </span>
     <span class='ocr_line' id='line_1_14' title="bbox 128 1023 1323 1062; baseline 0 -1"><span class='ocrx_word' id='word_1_86' title='bbox 128 1023 325 1061; x_wconf 87' lang='lat' dir='ltr'>exercitus</span> <span class='ocrx_word' id='word_1_87' title='bbox 372 1023 428 1061; x_wconf 86' lang='lat' dir='ltr'>ita</span> <span class='ocrx_word' id='word_1_88' title='bbox 475 1023 588 1061; x_wconf 87' lang='lat' dir='ltr'>stetit</span> <span class='ocrx_word' id='word_1_89' title='bbox 634 1023 851 1061; x_wconf 87' lang='lat' dir='ltr'>instructus</span> <span class='ocrx_word' id='word_1_90' title='bbox 888 1028 933 1061; x_wconf 88' lang='lat' dir='ltr'>ut</span> <span class='ocrx_word' id='word_1_91' title='bbox 971 1023 1155 1061; x_wconf 77' lang='lat' dir='ltr'>dextrum</span> <span class='ocrx_word' id='word_1_92' title='bbox 1202 1036 1323 1062; x_wconf 89' lang='lat' dir='ltr'>cornu</span> 
     </span>
     <span class='ocr_line' id='line_1_15' title="bbox 126 1087 1322 1134; baseline 0.001 -9"><span class='ocrx_word' id='word_1_93' title='bbox 126 1087 324 1132; x_wconf 84' lang='lat' dir='ltr'>Veientes,</span> <span class='ocrx_word' id='word_1_94' title='bbox 347 1088 555 1126; x_wconf 74' lang='lat' dir='ltr'>sinistrum</span> <span class='ocrx_word' id='word_1_95' title='bbox 585 1088 726 1126; x_wconf 84' lang='lat' dir='ltr'>Falisci</span> <span class='ocrx_word' id='word_1_96' title='bbox 747 1092 939 1134; x_wconf 85' lang='lat' dir='ltr'>tenerent,</span> <span class='ocrx_word' id='word_1_97' title='bbox 962 1087 1083 1126; x_wconf 86' lang='lat' dir='ltr'>medii</span> <span class='ocrx_word' id='word_1_98' title='bbox 1111 1087 1322 1126; x_wconf 88' lang='lat' dir='ltr'>Fidenates</span> 
     </span>
     <span class='ocr_line' id='line_1_16' title="bbox 126 1151 1318 1199; baseline -0.001 -9"><span class='ocrx_word' id='word_1_99' title='bbox 126 1157 268 1191; x_wconf 85' lang='lat' dir='ltr'>essent.</span> <span class='ocrx_word' id='word_1_100' title='bbox 354 1152 539 1190; x_wconf 81' lang='lat' dir='ltr'>Dictator</span> <span class='ocrx_word' id='word_1_101' title='bbox 577 1152 718 1190; x_wconf 78' lang='lat' dir='ltr'>dextro</span> <span class='ocrx_word' id='word_1_102' title='bbox 758 1165 878 1190; x_wconf 92' lang='lat' dir='ltr'>cornu</span> <span class='ocrx_word' id='word_1_103' title='bbox 918 1152 1105 1190; x_wconf 77' lang='lat' dir='ltr'>adversus</span> <span class='ocrx_word' id='word_1_104' title='bbox 1137 1151 1318 1199; x_wconf 83' lang='lat' dir='ltr'>Faliscos,</span> 
     </span>
     <span class='ocr_line' id='line_1_17' title="bbox 124 1216 1322 1267; baseline 0 -13"><span class='ocrx_word' id='word_1_105' title='bbox 124 1217 284 1255; x_wconf 88' lang='lat' dir='ltr'>sinistro</span> <span class='ocrx_word' id='word_1_106' title='bbox 323 1222 460 1255; x_wconf 88' lang='lat' dir='ltr'>contra</span> <span class='ocrx_word' id='word_1_107' title='bbox 492 1217 703 1255; x_wconf 83' lang='lat' dir='ltr'>Veientem</span> <span class='ocrx_word' id='word_1_108' title='bbox 741 1216 990 1267; x_wconf 88' lang='lat' dir='ltr'>Capitolinus</span> <span class='ocrx_word' id='word_1_109' title='bbox 1029 1216 1236 1264; x_wconf 79' lang='lat' dir='ltr'>Quinctius</span> <span class='ocrx_word' id='word_1_110' title='bbox 1266 1216 1322 1254; x_wconf 89' lang='lat' dir='ltr'>in·</span> 
     </span>
     <span class='ocr_line' id='line_1_18' title="bbox 125 1281 1321 1332; baseline -0.001 -13"><span class='ocrx_word' id='word_1_111' title='bbox 125 1281 219 1319; x_wconf 84' lang='lat' dir='ltr'>tulit</span> <span class='ocrx_word' id='word_1_112' title='bbox 233 1282 247 1305; x_wconf 61' lang='grc' dir='ltr'><em>ὃ</em></span> <span class='ocrx_word' id='word_1_113' title='bbox 268 1282 403 1332; x_wconf 69' lang='lat' dir='ltr'>signa,</span> <span class='ocrx_word' id='word_1_114' title='bbox 425 1287 515 1319; x_wconf 88' lang='lat' dir='ltr'>ante</span> <span class='ocrx_word' id='word_1_115' title='bbox 536 1281 707 1319; x_wconf 86' lang='lat' dir='ltr'>mediam</span> <span class='ocrx_word' id='word_1_116' title='bbox 729 1281 851 1319; x_wconf 88' lang='lat' dir='ltr'>aciem</span> <span class='ocrx_word' id='word_1_117' title='bbox 872 1295 960 1319; x_wconf 87' lang='lat' dir='ltr'>cum</span> <span class='ocrx_word' id='word_1_118' title='bbox 981 1281 1163 1331; x_wconf 86' lang='lat' dir='ltr'>equitatu</span> <span class='ocrx_word' id='word_1_119' title='bbox 1182 1281 1321 1332; x_wconf 87' lang='lat' dir='ltr'>magis—</span> 
     </span>
     <span class='ocr_line' id='line_1_19' title="bbox 123 1346 1320 1397; baseline 0 -13"><span class='ocrx_word' id='word_1_120' title='bbox 123 1351 184 1384; x_wconf 87' lang='lat' dir='ltr'>ter</span> <span class='ocrx_word' id='word_1_121' title='bbox 204 1347 383 1397; x_wconf 87' lang='lat' dir='ltr'>equitum</span> <span class='ocrx_word' id='word_1_122' title='bbox 405 1347 603 1397; x_wconf 88' lang='lat' dir='ltr'>processit.</span> <span class='ocrx_word' id='word_1_123' title='bbox 664 1346 882 1397; x_wconf 84' lang='lat' dir='ltr'>Parumper</span> <span class='ocrx_word' id='word_1_124' title='bbox 911 1346 1112 1384; x_wconf 87' lang='lat' dir='ltr'>silentium</span> <span class='ocrx_word' id='word_1_125' title='bbox 1141 1351 1181 1384; x_wconf 85' lang='lat' dir='ltr'>et</span> <span class='ocrx_word' id='word_1_126' title='bbox 1208 1346 1320 1396; x_wconf 88' lang='lat' dir='ltr'>quies</span> 
     </span>
     <span class='ocr_line' id='line_1_20' title="bbox 123 1410 1317 1462; baseline -0.001 -13"><span class='ocrx_word' id='word_1_127' title='bbox 123 1411 211 1457; x_wconf 86' lang='lat' dir='ltr'>fuit,</span> <span class='ocrx_word' id='word_1_128' title='bbox 236 1411 413 1449; x_wconf 82' lang='lat' dir='ltr'>Etruscis</span> <span class='ocrx_word' id='word_1_129' title='bbox 442 1424 534 1459; x_wconf 90' lang='lat' dir='ltr'>non,</span> <span class='ocrx_word' id='word_1_130' title='bbox 565 1411 640 1449; x_wconf 90' lang='lat' dir='ltr'>nisi</span> <span class='ocrx_word' id='word_1_131' title='bbox 671 1416 914 1462; x_wconf 86' lang='lat' dir='ltr'>cogerentur,</span> <span class='ocrx_word' id='word_1_132' title='bbox 947 1424 1120 1461; x_wconf 86' lang='lat' dir='ltr'>pugnam</span> <span class='ocrx_word' id='word_1_133' title='bbox 1149 1410 1317 1457; x_wconf 85' lang='lat' dir='ltr'>inituris,</span> 
     </span>
     <span class='ocr_line' id='line_1_21' title="bbox 123 1475 1319 1526; baseline -0.001 -12"><span class='ocrx_word' id='word_1_134' title='bbox 123 1481 163 1514; x_wconf 93' lang='lat' dir='ltr'>et</span> <span class='ocrx_word' id='word_1_135' title='bbox 183 1475 375 1514; x_wconf 85' lang='lat' dir='ltr'>dictatore</span> <span class='ocrx_word' id='word_1_136' title='bbox 397 1489 524 1514; x_wconf 85' lang='lat' dir='ltr'>arcem</span> <span class='ocrx_word' id='word_1_137' title='bbox 554 1476 773 1514; x_wconf 83' lang='lat' dir='ltr'>Romanam</span> <span class='ocrx_word' id='word_1_138' title='bbox 804 1481 1052 1526; x_wconf 87' lang='lat' dir='ltr'>respectante</span> <span class='ocrx_word' id='word_1_139' title='bbox 1072 1480 1117 1513; x_wconf 84' lang='lat' dir='ltr'>ut</span> <span class='ocrx_word' id='word_1_140' title='bbox 1137 1488 1186 1513; x_wconf 83' lang='lat' dir='ltr'>ex</span> <span class='ocrx_word' id='word_1_141' title='bbox 1206 1488 1252 1513; x_wconf 88' lang='lat' dir='ltr'>ea</span> <span class='ocrx_word' id='word_1_142' title='bbox 1270 1475 1319 1513; x_wconf 87' lang='lat' dir='ltr'>ab</span> 
     </span>
     <span class='ocr_line' id='line_1_22' title="bbox 123 1540 1319 1591; baseline -0.001 -13"><span class='ocrx_word' id='word_1_143' title='bbox 123 1541 347 1591; x_wconf 88' lang='lat' dir='ltr'>auguribus,</span> <span class='ocrx_word' id='word_1_144' title='bbox 371 1541 487 1579; x_wconf 90' lang='lat' dir='ltr'>simul</span> <span class='ocrx_word' id='word_1_145' title='bbox 507 1546 627 1591; x_wconf 83' lang='lat' dir='ltr'>atque</span> <span class='ocrx_word' id='word_1_146' title='bbox 647 1554 738 1579; x_wconf 86' lang='lat' dir='ltr'>aves</span> <span class='ocrx_word' id='word_1_147' title='bbox 758 1541 833 1579; x_wconf 85' lang='lat' dir='ltr'>rite</span> <span class='ocrx_word' id='word_1_148' title='bbox 853 1540 1116 1586; x_wconf 81' lang='lat' dir='ltr'>admisissent,</span> <span class='ocrx_word' id='word_1_149' title='bbox 1140 1553 1188 1577; x_wconf 82' lang='lat' dir='ltr'>ex</span> <span class='ocrx_word' id='word_1_150' title='bbox 1219 1552 1319 1578; x_wconf 84' lang='lat' dir='ltr'>corn-</span> 
     </span>
     <span class='ocr_line' id='line_1_23' title="bbox 122 1604 1318 1656; baseline 0 -13"><span class='ocrx_word' id='word_1_151' title='bbox 122 1606 251 1656; x_wconf 88' lang='lat' dir='ltr'>posito</span> <span class='ocrx_word' id='word_1_152' title='bbox 267 1606 281 1629; x_wconf 87' lang='lat'>⁷</span> <span class='ocrx_word' id='word_1_153' title='bbox 306 1605 513 1643; x_wconf 82' lang='lat' dir='ltr'>tolleretur</span> <span class='ocrx_word' id='word_1_154' title='bbox 541 1605 708 1656; x_wconf 89' lang='lat' dir='ltr'>signum.</span> <span class='ocrx_word' id='word_1_155' title='bbox 768 1605 883 1653; x_wconf 80' lang='lat' dir='ltr'>Quod</span> <span class='ocrx_word' id='word_1_156' title='bbox 907 1604 976 1643; x_wconf 86' lang='lat' dir='ltr'>ubi</span> <span class='ocrx_word' id='word_1_157' title='bbox 1006 1604 1223 1654; x_wconf 76' lang='lat' dir='ltr'>conspexit,</span> <span class='ocrx_word' id='word_1_158' title='bbox 1244 1604 1318 1654; x_wconf 87' lang='lat' dir='ltr'>pri-</span> 
     </span>
     <span class='ocr_line' id='line_1_24' title="bbox 122 1668 1319 1720; baseline -0.001 -13"><span class='ocrx_word' id='word_1_159' title='bbox 122 1683 206 1707; x_wconf 88' lang='lat' dir='ltr'>mos</span> <span class='ocrx_word' id='word_1_160' title='bbox 226 1670 379 1720; x_wconf 80' lang='lat' dir='ltr'>equites</span> <span class='ocrx_word' id='word_1_161' title='bbox 395 1670 562 1708; x_wconf 87' lang='lat' dir='ltr'>clamore</span> <span class='ocrx_word' id='word_1_162' title='bbox 580 1669 734 1708; x_wconf 83' lang='lat' dir='ltr'>sublato</span> <span class='ocrx_word' id='word_1_163' title='bbox 749 1669 789 1707; x_wconf 91' lang='lat' dir='ltr'>in</span> <span class='ocrx_word' id='word_1_164' title='bbox 807 1669 960 1707; x_wconf 88' lang='lat' dir='ltr'>hostem</span> <span class='ocrx_word' id='word_1_165' title='bbox 976 1669 1117 1707; x_wconf 87' lang='lat' dir='ltr'>emisit.</span> <span class='ocrx_word' id='word_1_166' title='bbox 1176 1668 1319 1707; x_wconf 85' lang='lat' dir='ltr'>Secuta</span> 
     </span>
     <span class='ocr_line' id='line_1_25' title="bbox 121 1732 1317 1785; baseline -0.003 -12"><span class='ocrx_word' id='word_1_167' title='bbox 121 1734 302 1785; x_wconf 86' lang='lat' dir='ltr'>peditum</span> <span class='ocrx_word' id='word_1_168' title='bbox 342 1735 443 1773; x_wconf 83' lang='lat' dir='ltr'>acies</span> <span class='ocrx_word' id='word_1_169' title='bbox 499 1734 652 1784; x_wconf 87' lang='lat' dir='ltr'>ingenti</span> <span class='ocrx_word' id='word_1_170' title='bbox 692 1733 731 1772; x_wconf 69' lang='lat' dir='ltr'>vi</span> <span class='ocrx_word' id='word_1_171' title='bbox 770 1733 960 1772; x_wconf 82' lang='lat' dir='ltr'>conflixit.</span> <span class='ocrx_word' id='word_1_172' title='bbox 1046 1732 1169 1771; x_wconf 75' lang='lat' dir='ltr'>Nulla</span> <span class='ocrx_word' id='word_1_173' title='bbox 1205 1738 1317 1783; x_wconf 82' lang='lat' dir='ltr'>parte</span> 
     </span>
     <span class='ocr_line' id='line_1_26' title="bbox 121 1797 1313 1850; baseline -0.002 -14"><span class='ocrx_word' id='word_1_174' title='bbox 121 1799 294 1850; x_wconf 86' lang='lat' dir='ltr'>legiones</span> <span class='ocrx_word' id='word_1_175' title='bbox 331 1798 520 1837; x_wconf 86' lang='lat' dir='ltr'>Etruscae</span> <span class='ocrx_word' id='word_1_176' title='bbox 559 1798 780 1836; x_wconf 86' lang='lat' dir='ltr'>sustinuere</span> <span class='ocrx_word' id='word_1_177' title='bbox 811 1798 1004 1848; x_wconf 85' lang='lat' dir='ltr'>impetum</span> <span class='ocrx_word' id='word_1_178' title='bbox 1033 1797 1313 1836; x_wconf 82' lang='lat' dir='ltr'>Romanorum.</span> 
     </span>
     <span class='ocr_line' id='line_1_27' title="bbox 120 1861 1316 1914; baseline -0.002 -13"><span class='ocrx_word' id='word_1_179' title='bbox 120 1863 251 1914; x_wconf 86' lang='lat' dir='ltr'>Eques</span> <span class='ocrx_word' id='word_1_180' title='bbox 280 1863 450 1901; x_wconf 83' lang='lat' dir='ltr'>maxime</span> <span class='ocrx_word' id='word_1_181' title='bbox 479 1863 698 1907; x_wconf 82' lang='lat' dir='ltr'>resistebat,</span> <span class='ocrx_word' id='word_1_182' title='bbox 721 1862 977 1913; x_wconf 84' lang='lat' dir='ltr'>equitumque</span> <span class='ocrx_word' id='word_1_183' title='bbox 1007 1861 1121 1913; x_wconf 88' lang='lat' dir='ltr'>longe</span> <span class='ocrx_word' id='word_1_184' title='bbox 1156 1861 1316 1900; x_wconf 82' lang='lat' dir='ltr'>fortissi-</span> 
     </span>
     <span class='ocr_line' id='line_1_28' title="bbox 119 1927 833 1979; baseline -0.003 -12"><span class='ocrx_word' id='word_1_185' title='bbox 119 1941 207 1967; x_wconf 88' lang='lat' dir='ltr'>mus</span> <span class='ocrx_word' id='word_1_186' title='bbox 227 1928 309 1979; x_wconf 88' lang='lat' dir='ltr'>ipse</span> <span class='ocrx_word' id='word_1_187' title='bbox 330 1942 399 1966; x_wconf 84' lang='lat' dir='ltr'>rex</span> <span class='ocrx_word' id='word_1_188' title='bbox 421 1933 619 1967; x_wconf 82' lang='lat' dir='ltr'>certamen</span> <span class='ocrx_word' id='word_1_189' title='bbox 640 1927 833 1966; x_wconf 81' lang='lat' dir='ltr'>trahebat.</span> 
     </span>
    </p>

    <p class='ocr_par' dir='ltr' id='par_1_3' title="bbox 120 1990 1314 2107">
     <span class='ocr_line' id='line_1_29' title="bbox 172 1990 1314 2044; baseline -0.003 -12"><span class='ocrx_word' id='word_1_190' title='bbox 172 1994 269 2032; x_wconf 83' lang='lat' dir='ltr'>Erat</span> <span class='ocrx_word' id='word_1_191' title='bbox 295 2000 379 2032; x_wconf 89' lang='lat' dir='ltr'>tum</span> <span class='ocrx_word' id='word_1_192' title='bbox 410 1993 515 2032; x_wconf 88' lang='lat' dir='ltr'>inter</span> <span class='ocrx_word' id='word_1_193' title='bbox 535 1993 687 2044; x_wconf 87' lang='lat' dir='ltr'>equit-es</span> <span class='ocrx_word' id='word_1_194' title='bbox 713 1993 912 2032; x_wconf 85' lang='lat' dir='ltr'>Romanos</span> <span class='ocrx_word' id='word_1_195' title='bbox 937 1992 1124 2031; x_wconf 90' lang='lat' dir='ltr'>tribunus</span> <span class='ocrx_word' id='word_1_196' title='bbox 1153 1990 1314 2043; x_wconf 86' lang='lat' dir='ltr'>quidam</span> 
     </span>
     <span class='ocr_line' id='line_1_30' title="bbox 120 2056 1313 2107; baseline -0.002 -11"><span class='ocrx_word' id='word_1_197' title='bbox 120 2058 300 2105; x_wconf 84' lang='lat' dir='ltr'>militum,</span> <span class='ocrx_word' id='word_1_198' title='bbox 343 2059 389 2096; x_wconf 77' lang='lat' dir='ltr'>A.</span> <span class='ocrx_word' id='word_1_199' title='bbox 432 2058 638 2097; x_wconf 84' lang='lat' dir='ltr'>Cornelius</span> <span class='ocrx_word' id='word_1_200' title='bbox 672 2057 827 2103; x_wconf 72' lang='lat' dir='ltr'>Cossus,</span> <span class='ocrx_word' id='word_1_201' title='bbox 864 2057 1008 2096; x_wconf 79' lang='lat' dir='ltr'>eximia</span> <span class='ocrx_word' id='word_1_202' title='bbox 1047 2056 1313 2107; x_wconf 86' lang='lat' dir='ltr'>pulcritudine</span> 
     </span>
    </p>
   </div>
  </div>
 </body>
</html>
