1438 2296
488 159 526 198 A
530 159 627 198 NG]
629 159 743 198 ENT
767 159 804 198 R
808 158 885 198 OM
884 159 920 198 E
923 191 930 198 .
1259 162 1274 198 l
1285 163 1303 199 7

114 263 369 314 apparebant.
426 262 555 311 Quum
583 262 797 314 improvidi
835 263 957 302 effuso
995 276 1110 302 cursu
1143 263 1307 303 insidias

114 327 217 365 circa
248 327 378 378 ipsum
409 327 484 366 iter
513 326 658 366 locatas
687 333 949 378 superassent,
981 333 1020 366 et
1049 341 1148 378 vaga
1168 341 1308 378 pecora

115 398 309 442 raperent,
361 391 493 430 subito
540 405 591 430 ex
637 391 791 430 insidiis
839 391 1015 442 undique
1063 398 1308 444 consurgunt

115 455 258 494 hostes.
303 454 427 500 Fabii,
449 455 618 494 clamore
634 456 826 500 exterriti,
849 462 888 494 et
903 455 988 506 jam
1008 456 1165 506 agmine
1186 469 1307 494 arma-

116 526 246 558 torum
274 520 413 570 saepti,
443 520 687 571 cogebantur
715 520 755 558 in
776 521 949 571 spatium
971 520 1247 559 brevissimum
1267 534 1307 559 se

116 583 324 635 colligere;
352 597 452 635 quae
483 597 544 623 res
583 590 623 623 et
660 585 899 635 paucitatem
937 597 1071 623 eorum
1106 590 1146 623 et
1179 585 1307 623 multi-

73 694 77 697 ,
116 648 296 688 tudinem
317 648 572 687 Etruscorum
592 649 787 700 insignem
807 649 985 687 faciebat.
1032 648 1134 687 Tum
1165 649 1309 688 omissa

116 726 260 765 pugna,
283 726 401 764 quam
431 713 472 751 in
501 726 636 752 omnes
665 719 797 764 partes
826 712 1094 760 intenderant,
1117 714 1156 752 in
1187 727 1309 752 unum

117 777 244 816 locum
264 790 304 816 se
325 790 460 816 omnes
480 777 682 816 inclinant.
740 777 798 816 Eo
827 778 900 815 nisi
923 778 1150 828 corporibus
1180 778 1310 816 armis-

117 855 193 892 que
211 855 353 892 rupere
374 842 491 881 viam.
535 841 664 880 Duxit
684 842 747 880 via
766 842 807 880 in
827 841 979 880 editum
998 842 1140 880 leniter
1158 842 1306 881 collem.

118 905 218 945 Inde
255 907 382 957 primo
419 906 628 955 restitere3
657 919 761 952 mox,
800 912 845 944 ut
883 906 1102 957 respirandi
1139 907 1311 957 spatium

118 971 298 1021 superior
353 970 461 1010 locus
507 970 629 1019 dedit,
678 970 863 1022 pepulere
920 971 1039 1009 etiam
1085 971 1308 1016 subeuntes,

118 1036 355 1086 vicissetque
375 1035 523 1074 auxilio
544 1035 618 1074 loci
639 1036 827 1086 paucitas,
849 1035 924 1073 nisi
941 1035 1036 1086 jugo
1057 1036 1311 1075 circummissi

119 1099 306 1138 Veientes
337 1099 378 1137 in
412 1099 602 1138 verticem
630 1099 739 1138 collis
763 1100 988 1138 evasissent.
1048 1099 1109 1138 Ita
1134 1101 1313 1151 superior

119 1177 252 1202 rursus
284 1163 411 1202 factus
449 1163 583 1203 hostis.
643 1164 756 1202 Fabii
794 1164 894 1202 caesi
925 1163 975 1202 ad
1009 1177 1132 1203 unum
1162 1178 1309 1214 omnes,

119 1227 437 1280 praesidiumque
467 1235 748 1279 expugnatum.
808 1228 1021 1267 Trecentos
1053 1242 1124 1267 sex
1145 1230 1307 1280 periisse

119 1298 283 1340 constat,
306 1306 430 1331 unum
451 1306 572 1344 prope
592 1293 779 1344 puberem
802 1293 994 1340 relictum,
1018 1293 1181 1343 sti1pem
1201 1295 1310 1345 genti

120 1357 274 1404 Fabiae,
316 1357 525 1408 dubiisque
563 1357 680 1396 rebus
713 1356 849 1408 populi
888 1357 1057 1395 Romani
1095 1358 1312 1397 maximum

120 1422 299 1460 futurum
318 1421 542 1460 auxilium.⁵

309 1568 380 1608 IX.
408 1568 502 1607 THE
532 1567 673 1607 STORY
701 1578 754 1607 oF
782 1568 1090 1608 CINCINNATUS.

622 1653 695 1692 Bo
724 1645 809 1681 458.

163 1732 226 1762 The
239 1732 345 1769 Aequi
361 1741 435 1762 were
449 1741 470 1762 α
486 1731 565 1761 tribe
580 1732 679 1767 Iiriny
693 1741 731 1760 οη
749 1731 797 1761 the
811 1734 930 1761 eastern
946 1730 1112 1768 boundary
1125 1731 1310 1769 osLatium,

121 1780 188 1811 and
201 1781 264 1811 like
277 1782 327 1811 the
347 1782 449 1812 Volsci
463 1781 640 1817 constanlly
654 1785 686 1810 αι
703 1790 768 1810 war
783 1781 857 1810 with
871 1781 974 1811 Rome.

122 1870 297 1910 CONSUL
321 1870 560 1918 MINUCIUS,
585 1883 707 1920 quum
728 1870 768 1908 in
794 1870 891 1908 fines
918 1872 1147 1922 Aequorum
1172 1871 1316 1911 exerci-

123 1940 210 1973 tum
255 1934 445 1981 duxisset,
495 1935 604 1973 nulla
650 1934 759 1973 clade
806 1941 965 1985 accepta
1010 1935 1051 1973 in
1091 1937 1229 1975 castris
1274 1949 1315 1975 se

124 1999 290 2050 pavidus
316 2000 487 2038 tenebat.
547 1999 662 2048 Quod
692 1999 759 2038 ubi
790 2006 997 2038 senscrunt
1023 1999 1167 2048 hostes
1192 2001 1316 2040 crevit

124 2077 173 2102 ex
215 2069 324 2102 metu
365 2064 506 2111 alieno,
545 2070 590 2102 ut
630 2064 685 2112 fit,
726 2063 914 2112 audacia;
953 2070 994 2103 et
1034 2071 1148 2104 nocte
1186 2065 1314 2103 adorti

711 2142 732 2164 B
