<?xml version="1.0" encoding="UTF-8"?>
<!DOCTYPE html PUBLIC "-//W3C//DTD XHTML 1.0 Transitional//EN"
    "http://www.w3.org/TR/xhtml1/DTD/xhtml1-transitional.dtd">
<html xmlns="http://www.w3.org/1999/xhtml" xml:lang="en" lang="en">
 <head>
  <title>
</title>
<meta http-equiv="Content-Type" content="text/html;charset=utf-8" />
  <meta name='ocr-system' content='tesseract 3.04.00' />
  <meta name='ocr-capabilities' content='ocr_page ocr_carea ocr_par ocr_line ocrx_word'/>
</head>
<body>
  <div class='ocr_page' id='page_1' title='image "./legendsofancient00livyuoft_0027.png"; bbox 0 0 1438 2296; ppageno 0'>
   <div class='ocr_carea' id='block_1_1' title="bbox 498 167 1312 206">
    <p class='ocr_par' dir='ltr' id='par_1_1' title="bbox 498 167 1312 206">
     <span class='ocr_line' id='line_1_1' title="bbox 498 167 1312 206; baseline 0 0"><span class='ocrx_word' id='word_1_1' title='bbox 498 167 752 206; x_wconf 84' lang='lat' dir='ltr'><em>ANCIENT</em></span> <span class='ocrx_word' id='word_1_2' title='bbox 778 167 938 206; x_wconf 86' lang='lat' dir='ltr'><em>ROME.</em></span> <span class='ocrx_word' id='word_1_3' title='bbox 1268 171 1312 206; x_wconf 83' lang='lat'><strong>19</strong></span> 
     </span>
    </p>
   </div>
   <div class='ocr_carea' id='block_1_2' title="bbox 79 271 1318 2125">
    <p class='ocr_par' dir='ltr' id='par_1_2' title="bbox 79 271 1317 1032">
     <span class='ocr_line' id='line_1_2' title="bbox 124 271 1315 323; baseline -0.001 -12"><span class='ocrx_word' id='word_1_4' title='bbox 124 271 180 311; x_wconf 87' lang='lat' dir='ltr'><strong>rei</strong></span> <span class='ocrx_word' id='word_1_5' title='bbox 209 285 333 323; x_wconf 83' lang='lat' dir='ltr'><strong>agere.</strong></span> <span class='ocrx_word' id='word_1_6' title='bbox 392 271 494 310; x_wconf 91' lang='lat' dir='ltr'><strong>Tum</strong></span> <span class='ocrx_word' id='word_1_7' title='bbox 519 271 728 322; x_wconf 86' lang='lat' dir='ltr'><strong>imperavit</strong></span> <span class='ocrx_word' id='word_1_8' title='bbox 756 272 938 311; x_wconf 89' lang='lat' dir='ltr'><strong>omnibus</strong></span> <span class='ocrx_word' id='word_1_9' title='bbox 966 273 1033 323; x_wconf 90' lang='lat' dir='ltr'><strong>qui</strong></span> <span class='ocrx_word' id='word_1_10' title='bbox 1063 278 1191 312; x_wconf 82' lang='lat' dir='ltr'><strong>aetate</strong></span> <span class='ocrx_word' id='word_1_11' title='bbox 1219 273 1315 311; x_wconf 88' lang='lat' dir='ltr'><strong>mili-</strong></span> 
     </span>
     <span class='ocr_line' id='line_1_3' title="bbox 124 336 1315 388; baseline 0.002 -14"><span class='ocrx_word' id='word_1_12' title='bbox 124 336 229 374; x_wconf 79' lang='lat' dir='ltr'><strong>tari²</strong></span> <span class='ocrx_word' id='word_1_13' title='bbox 259 341 390 375; x_wconf 77' lang='lat' dir='ltr'><strong>essent</strong></span> <span class='ocrx_word' id='word_1_14' title='bbox 418 341 464 374; x_wconf 83' lang='lat' dir='ltr'><strong>ut</strong></span> <span class='ocrx_word' id='word_1_15' title='bbox 490 336 630 374; x_wconf 78' lang='lat' dir='ltr'><strong>armati</strong></span> <span class='ocrx_word' id='word_1_16' title='bbox 661 349 747 374; x_wconf 91' lang='lat' dir='ltr'><strong>cum</strong></span> <span class='ocrx_word' id='word_1_17' title='bbox 779 337 932 375; x_wconf 84' lang='lat' dir='ltr'><strong>cibariis</strong></span> <span class='ocrx_word' id='word_1_18' title='bbox 961 337 1002 375; x_wconf 92' lang='lat' dir='ltr'><strong>in</strong></span> <span class='ocrx_word' id='word_1_19' title='bbox 1031 337 1114 375; x_wconf 87' lang='lat' dir='ltr'><strong>dies</strong></span> <span class='ocrx_word' id='word_1_20' title='bbox 1142 337 1315 388; x_wconf 88' lang='lat' dir='ltr'><strong>quinque</strong></span> 
     </span>
     <span class='ocr_line' id='line_1_4' title="bbox 124 400 1316 451; baseline 0.001 -13"><span class='ocrx_word' id='word_1_21' title='bbox 124 400 254 447; x_wconf 85' lang='lat' dir='ltr'><strong>coctis,</strong></span> <span class='ocrx_word' id='word_1_22' title='bbox 281 400 472 451; x_wconf 82' lang='lat' dir='ltr'><strong>vallisque</strong></span> <span class='ocrx_word' id='word_1_23' title='bbox 501 400 695 439; x_wconf 88' lang='lat' dir='ltr'>duodenis</span> <span class='ocrx_word' id='word_1_24' title='bbox 725 406 816 439; x_wconf 82' lang='lat' dir='ltr'><strong>ante</strong></span> <span class='ocrx_word' id='word_1_25' title='bbox 847 401 939 439; x_wconf 91' lang='lat' dir='ltr'><strong>solis</strong></span> <span class='ocrx_word' id='word_1_26' title='bbox 968 415 1146 439; x_wconf 87' lang='lat' dir='ltr'><strong>occasum</strong></span> <span class='ocrx_word' id='word_1_27' title='bbox 1175 401 1316 440; x_wconf 86' lang='lat' dir='ltr'><strong>Martis</strong></span> 
     </span>
     <span class='ocr_line' id='line_1_5' title="bbox 124 464 1317 516; baseline 0.002 -14"><span class='ocrx_word' id='word_1_28' title='bbox 124 464 166 503; x_wconf 92' lang='lat' dir='ltr'><strong>in</strong></span> <span class='ocrx_word' id='word_1_29' title='bbox 199 464 352 516; x_wconf 85' lang='lat' dir='ltr'><strong>Campo</strong></span> <span class='ocrx_word' id='word_1_30' title='bbox 386 465 578 503; x_wconf 81' lang='lat' dir='ltr'><strong>adessent.</strong></span> <span class='ocrx_word' id='word_1_31' title='bbox 640 465 802 504; x_wconf 85' lang='lat' dir='ltr'><strong>Ceteros</strong></span> <span class='ocrx_word' id='word_1_32' title='bbox 831 465 973 516; x_wconf 89' lang='lat' dir='ltr'><strong>quibus</strong></span> <span class='ocrx_word' id='word_1_33' title='bbox 1002 471 1108 504; x_wconf 82' lang='lat' dir='ltr'><strong>aetas</strong></span> <span class='ocrx_word' id='word_1_34' title='bbox 1141 465 1191 504; x_wconf 85' lang='lat' dir='ltr'><strong>ad</strong></span> <span class='ocrx_word' id='word_1_35' title='bbox 1220 466 1317 505; x_wconf 89' lang='lat' dir='ltr'><strong>mili-</strong></span> 
     </span>
     <span class='ocr_line' id='line_1_6' title="bbox 124 528 1313 580; baseline 0.002 -13"><span class='ocrx_word' id='word_1_36' title='bbox 124 528 292 567; x_wconf 87' lang='lat' dir='ltr'><strong>tandum</strong></span> <span class='ocrx_word' id='word_1_37' title='bbox 312 529 469 580; x_wconf 86' lang='lat' dir='ltr'><strong>gravior</strong></span> <span class='ocrx_word' id='word_1_38' title='bbox 494 534 596 568; x_wconf 88' lang='lat' dir='ltr'><strong>esset</strong></span> <span class='ocrx_word' id='word_1_39' title='bbox 622 528 814 567; x_wconf 86' lang='lat' dir='ltr'><strong>militibus</strong></span> <span class='ocrx_word' id='word_1_40' title='bbox 835 529 980 568; x_wconf 84' lang='lat' dir='ltr'><strong>cibaria</strong></span> <span class='ocrx_word' id='word_1_41' title='bbox 1003 543 1169 580; x_wconf 81' lang='lat' dir='ltr'>coquere</span> <span class='ocrx_word' id='word_1_42' title='bbox 1183 530 1313 580; x_wconf 77' lang='lat' dir='ltr'><strong>jussit.</strong></span> 
     </span>
     <span class='ocr_line' id='line_1_7' title="bbox 124 592 1316 645; baseline 0.001 -13"><span class='ocrx_word' id='word_1_43' title='bbox 124 592 189 632; x_wconf 83' lang='lat' dir='ltr'><strong>Sic</strong></span> <span class='ocrx_word' id='word_1_44' title='bbox 204 593 397 643; x_wconf 87' lang='lat' dir='ltr'><strong>juventus</strong></span> <span class='ocrx_word' id='word_1_45' title='bbox 422 593 470 632; x_wconf 83' lang='lat' dir='ltr'><strong>ad</strong></span> <span class='ocrx_word' id='word_1_46' title='bbox 497 593 620 632; x_wconf 86' lang='lat' dir='ltr'><strong>vallos</strong></span> <span class='ocrx_word' id='word_1_47' title='bbox 640 592 831 644; x_wconf 83' lang='lat' dir='ltr'><strong>petendos</strong></span> <span class='ocrx_word' id='word_1_48' title='bbox 856 593 1050 632; x_wconf 78' lang='lat' dir='ltr'><strong>discurrit.</strong></span> <span class='ocrx_word' id='word_1_49' title='bbox 1109 594 1316 645; x_wconf 84' lang='lat' dir='ltr'><strong>Sumpsere</strong></span> 
     </span>
     <span class='ocr_line' id='line_1_8' title="bbox 79 657 1313 709; baseline 0 -12"><span class='ocrx_word' id='word_1_50' title='bbox 79 695 82 698; x_wconf 86' lang='lat'>.</span> <span class='ocrx_word' id='word_1_51' title='bbox 124 657 258 696; x_wconf 76' lang='lat' dir='ltr'><strong>unde⁸</strong></span> <span class='ocrx_word' id='word_1_52' title='bbox 291 658 431 709; x_wconf 86' lang='lat' dir='ltr'><strong>cuique</strong></span> <span class='ocrx_word' id='word_1_53' title='bbox 457 658 681 708; x_wconf 79' lang='lat' dir='ltr'><strong>proximum</strong></span> <span class='ocrx_word' id='word_1_54' title='bbox 710 657 787 696; x_wconf 77' lang='lat' dir='ltr'><strong>fuit</strong></span> <span class='ocrx_word' id='word_1_55' title='bbox 804 672 814 706; x_wconf 83' lang='lat'>;</span> <span class='ocrx_word' id='word_1_56' title='bbox 851 658 1073 708; x_wconf 84' lang='lat' dir='ltr'><strong>prohibitus</strong></span> <span class='ocrx_word' id='word_1_57' title='bbox 1101 672 1215 698; x_wconf 80' lang='lat' dir='ltr'><strong>nomo</strong></span> <span class='ocrx_word' id='word_1_58' title='bbox 1244 664 1313 705; x_wconf 88' lang='lat' dir='ltr'><strong>est,</strong></span> 
     </span>
     <span class='ocr_line' id='line_1_9' title="bbox 124 721 1312 774; baseline 0.002 -14"><span class='ocrx_word' id='word_1_59' title='bbox 124 721 370 773; x_wconf 82' lang='lat' dir='ltr'><strong>impigreque</strong></span> <span class='ocrx_word' id='word_1_60' title='bbox 418 722 467 761; x_wconf 85' lang='lat' dir='ltr'><strong>ad</strong></span> <span class='ocrx_word' id='word_1_61' title='bbox 515 722 689 760; x_wconf 87' lang='lat' dir='ltr'><strong>edictum</strong></span> <span class='ocrx_word' id='word_1_62' title='bbox 740 722 944 761; x_wconf 83' lang='lat' dir='ltr'><strong>dictatoris</strong></span> <span class='ocrx_word' id='word_1_63' title='bbox 994 729 1150 774; x_wconf 88' lang='lat' dir='ltr'><strong>praesto</strong></span> <span class='ocrx_word' id='word_1_64' title='bbox 1196 724 1312 763; x_wconf 89' lang='lat' dir='ltr'><strong>fuere.</strong></span> 
     </span>
     <span class='ocr_line' id='line_1_10' title="bbox 125 785 1313 838; baseline 0.002 -14"><span class='ocrx_word' id='word_1_65' title='bbox 125 785 224 825; x_wconf 91' lang='lat' dir='ltr'><strong>Inde</strong></span> <span class='ocrx_word' id='word_1_66' title='bbox 287 786 506 837; x_wconf 89' lang='lat' dir='ltr'><strong>composito</strong></span> <span class='ocrx_word' id='word_1_67' title='bbox 566 786 720 837; x_wconf 83' lang='lat' dir='ltr'><strong>agmine</strong></span> <span class='ocrx_word' id='word_1_68' title='bbox 780 786 953 837; x_wconf 84' lang='lat' dir='ltr'><strong>legiones</strong></span> <span class='ocrx_word' id='word_1_69' title='bbox 1005 787 1088 838; x_wconf 91' lang='lat' dir='ltr'><strong>ipse</strong></span> <span class='ocrx_word' id='word_1_70' title='bbox 1135 787 1313 836; x_wconf 85' lang='lat' dir='ltr'><strong>dictator,</strong></span> 
     </span>
     <span class='ocr_line' id='line_1_11' title="bbox 124 850 1316 902; baseline 0.002 -13"><span class='ocrx_word' id='word_1_71' title='bbox 124 850 312 902; x_wconf 87' lang='lat' dir='ltr'><strong>magister</strong></span> <span class='ocrx_word' id='word_1_72' title='bbox 340 851 517 902; x_wconf 84' lang='lat' dir='ltr'><strong>equitum</strong></span> <span class='ocrx_word' id='word_1_73' title='bbox 547 864 638 889; x_wconf 87' lang='lat' dir='ltr'><strong>suos</strong></span> <span class='ocrx_word' id='word_1_74' title='bbox 667 851 819 902; x_wconf 83' lang='lat' dir='ltr'><strong>equites</strong></span> <span class='ocrx_word' id='word_1_75' title='bbox 852 851 972 890; x_wconf 86' lang='lat' dir='ltr'><strong>ducit.</strong></span> <span class='ocrx_word' id='word_1_76' title='bbox 1031 851 1166 890; x_wconf 88' lang='lat' dir='ltr'><strong>Media</strong></span> <span class='ocrx_word' id='word_1_77' title='bbox 1202 858 1316 892; x_wconf 85' lang='lat' dir='ltr'><strong>nocte</strong></span> 
     </span>
     <span class='ocr_line' id='line_1_12' title="bbox 125 914 1315 968; baseline 0.002 -15"><span class='ocrx_word' id='word_1_78' title='bbox 125 914 166 953; x_wconf 88' lang='lat' dir='ltr'><strong>in</strong></span> <span class='ocrx_word' id='word_1_79' title='bbox 194 915 384 967; x_wconf 85' lang='lat' dir='ltr'><strong>Algidum</strong></span> <span class='ocrx_word' id='word_1_80' title='bbox 412 916 660 966; x_wconf 82' lang='lat' dir='ltr'><strong>perveniunt,</strong></span> <span class='ocrx_word' id='word_1_81' title='bbox 691 921 731 954; x_wconf 85' lang='lat' dir='ltr'><strong>et</strong></span> <span class='ocrx_word' id='word_1_82' title='bbox 759 921 804 954; x_wconf 85' lang='lat' dir='ltr'><strong>ut</strong></span> <span class='ocrx_word' id='word_1_83' title='bbox 831 929 986 955; x_wconf 88' lang='lat' dir='ltr'><strong>sensere</strong></span> <span class='ocrx_word' id='word_1_84' title='bbox 1015 929 1054 955; x_wconf 87' lang='lat' dir='ltr'><strong>se</strong></span> <span class='ocrx_word' id='word_1_85' title='bbox 1083 917 1164 967; x_wconf 83' lang='lat' dir='ltr'><strong>jam</strong></span> <span class='ocrx_word' id='word_1_86' title='bbox 1194 930 1315 968; x_wconf 90' lang='lat' dir='ltr'><strong>prope</strong></span> 
     </span>
     <span class='ocr_line' id='line_1_13' title="bbox 125 978 785 1032; baseline 0.002 -15"><span class='ocrx_word' id='word_1_87' title='bbox 125 978 258 1019; x_wconf 89' lang='lat' dir='ltr'><strong>hostes</strong></span> <span class='ocrx_word' id='word_1_88' title='bbox 279 993 375 1026; x_wconf 89' lang='lat' dir='ltr'><strong>esse,</strong></span> <span class='ocrx_word' id='word_1_89' title='bbox 395 980 506 1032; x_wconf 85' lang='lat' dir='ltr'><strong>signa</strong></span> <span class='ocrx_word' id='word_1_90' title='bbox 527 979 785 1018; x_wconf 88' lang='lat' dir='ltr'><strong>constituunt.</strong></span> 
     </span>
    </p>

    <p class='ocr_par' dir='ltr' id='par_1_3' title="bbox 125 1043 1318 2125">
     <span class='ocr_line' id='line_1_14' title="bbox 178 1043 1316 1096; baseline 0.002 -13"><span class='ocrx_word' id='word_1_91' title='bbox 178 1043 241 1083; x_wconf 87' lang='lat' dir='ltr'><strong>Ibi</strong></span> <span class='ocrx_word' id='word_1_92' title='bbox 313 1044 494 1093; x_wconf 85' lang='lat' dir='ltr'><strong>dictator,</strong></span> <span class='ocrx_word' id='word_1_93' title='bbox 555 1058 656 1096; x_wconf 88' lang='lat' dir='ltr'><strong>equo</strong></span> <span class='ocrx_word' id='word_1_94' title='bbox 722 1045 1014 1092; x_wconf 89' lang='lat' dir='ltr'><strong>circumvectus,</strong></span> <span class='ocrx_word' id='word_1_95' title='bbox 1071 1046 1316 1096; x_wconf 82' lang='lat' dir='ltr'><strong>formamque</strong></span> 
     </span>
     <span class='ocr_line' id='line_1_15' title="bbox 126 1110 1316 1161; baseline 0.002 -14"><span class='ocrx_word' id='word_1_96' title='bbox 126 1114 354 1157; x_wconf 84' lang='lat' dir='ltr'><strong>castrorum,</strong></span> <span class='ocrx_word' id='word_1_97' title='bbox 398 1114 590 1160; x_wconf 83' lang='lat' dir='ltr'><strong>quantum</strong></span> <span class='ocrx_word' id='word_1_98' title='bbox 639 1115 752 1148; x_wconf 81' lang='lat' dir='ltr'><strong>nocte</strong></span> <span class='ocrx_word' id='word_1_99' title='bbox 799 1110 967 1161; x_wconf 83' lang='lat' dir='ltr'><strong>prospici</strong></span> <span class='ocrx_word' id='word_1_100' title='bbox 1015 1116 1181 1161; x_wconf 84' lang='lat' dir='ltr'><strong>poterat,</strong></span> <span class='ocrx_word' id='word_1_101' title='bbox 1230 1124 1316 1149; x_wconf 89' lang='lat' dir='ltr'><strong>cou-</strong></span> 
     </span>
     <span class='ocr_line' id='line_1_16' title="bbox 125 1173 1315 1225; baseline 0.002 -13"><span class='ocrx_word' id='word_1_102' title='bbox 125 1173 348 1225; x_wconf 81' lang='lat' dir='ltr'><strong>templatus,</strong></span> <span class='ocrx_word' id='word_1_103' title='bbox 389 1174 560 1212; x_wconf 88' lang='lat' dir='ltr'><strong>tribunis</strong></span> <span class='ocrx_word' id='word_1_104' title='bbox 602 1174 772 1212; x_wconf 87' lang='lat' dir='ltr'><strong>militum</strong></span> <span class='ocrx_word' id='word_1_105' title='bbox 812 1175 1022 1225; x_wconf 85' lang='lat' dir='ltr'><strong>imperavit</strong></span> <span class='ocrx_word' id='word_1_106' title='bbox 1060 1180 1104 1213; x_wconf 90' lang='lat' dir='ltr'><strong>ut</strong></span> <span class='ocrx_word' id='word_1_107' title='bbox 1146 1175 1315 1214; x_wconf 80' lang='lat' dir='ltr'><strong>sarcinas</strong></span> 
     </span>
     <span class='ocr_line' id='line_1_17' title="bbox 126 1238 1316 1290; baseline 0.003 -14"><span class='ocrx_word' id='word_1_108' title='bbox 126 1238 167 1277; x_wconf 93' lang='lat' dir='ltr'><strong>in</strong></span> <span class='ocrx_word' id='word_1_109' title='bbox 198 1251 322 1277; x_wconf 88' lang='lat' dir='ltr'><strong>unum</strong></span> <span class='ocrx_word' id='word_1_110' title='bbox 355 1238 496 1289; x_wconf 86' lang='lat' dir='ltr'><strong>conjici</strong></span> <span class='ocrx_word' id='word_1_111' title='bbox 533 1239 729 1290; x_wconf 85' lang='lat' dir='ltr'><strong>juberent,</strong></span> <span class='ocrx_word' id='word_1_112' title='bbox 769 1239 936 1278; x_wconf 90' lang='lat' dir='ltr'><strong>militem</strong></span> <span class='ocrx_word' id='word_1_113' title='bbox 971 1252 1059 1277; x_wconf 89' lang='lat' dir='ltr'><strong>cum</strong></span> <span class='ocrx_word' id='word_1_114' title='bbox 1093 1240 1210 1278; x_wconf 86' lang='lat' dir='ltr'><strong>armis</strong></span> <span class='ocrx_word' id='word_1_115' title='bbox 1238 1240 1316 1279; x_wconf 86' lang='lat' dir='ltr'><strong>val-</strong></span> 
     </span>
     <span class='ocr_line' id='line_1_18' title="bbox 125 1302 1314 1355; baseline 0.001 -13"><span class='ocrx_word' id='word_1_116' title='bbox 125 1302 251 1354; x_wconf 89' lang='lat' dir='ltr'><strong>lisque</strong></span> <span class='ocrx_word' id='word_1_117' title='bbox 297 1304 338 1342; x_wconf 92' lang='lat' dir='ltr'><strong>in</strong></span> <span class='ocrx_word' id='word_1_118' title='bbox 385 1303 542 1343; x_wconf 86' lang='lat' dir='ltr'><strong>ordines</strong></span> <span class='ocrx_word' id='word_1_119' title='bbox 584 1316 675 1342; x_wconf 87' lang='lat' dir='ltr'><strong>suos</strong></span> <span class='ocrx_word' id='word_1_120' title='bbox 716 1303 855 1343; x_wconf 90' lang='lat' dir='ltr'><strong>redire.</strong></span> <span class='ocrx_word' id='word_1_121' title='bbox 914 1304 1035 1343; x_wconf 79' lang='lat' dir='ltr'><strong>Facta</strong></span> <span class='ocrx_word' id='word_1_122' title='bbox 1077 1310 1170 1342; x_wconf 89' lang='lat' dir='ltr'><strong>sunt</strong></span> <span class='ocrx_word' id='word_1_123' title='bbox 1215 1318 1314 1355; x_wconf 90' lang='lat' dir='ltr'><strong>quae</strong></span> 
     </span>
     <span class='ocr_line' id='line_1_19' title="bbox 126 1367 1316 1420; baseline 0.001 -14"><span class='ocrx_word' id='word_1_124' title='bbox 126 1368 346 1419; x_wconf 85' lang='lat' dir='ltr'><strong>imperavit.</strong></span> <span class='ocrx_word' id='word_1_125' title='bbox 415 1368 518 1406; x_wconf 91' lang='lat' dir='ltr'><strong>Tum</strong></span> <span class='ocrx_word' id='word_1_126' title='bbox 556 1368 773 1407; x_wconf 84' lang='lat' dir='ltr'><strong>exercitum</strong></span> <span class='ocrx_word' id='word_1_127' title='bbox 811 1381 967 1407; x_wconf 89' lang='lat' dir='ltr'><strong>omnem</strong></span> <span class='ocrx_word' id='word_1_128' title='bbox 1006 1367 1122 1420; x_wconf 86' lang='lat' dir='ltr'><strong>longo</strong></span> <span class='ocrx_word' id='word_1_129' title='bbox 1161 1369 1316 1419; x_wconf 88' lang='lat' dir='ltr'><strong>agmine</strong></span> 
     </span>
     <span class='ocr_line' id='line_1_20' title="bbox 126 1432 1313 1484; baseline 0.001 -13"><span class='ocrx_word' id='word_1_130' title='bbox 126 1432 344 1472; x_wconf 85' lang='lat' dir='ltr'><strong>circumdat</strong></span> <span class='ocrx_word' id='word_1_131' title='bbox 372 1432 546 1471; x_wconf 87' lang='lat' dir='ltr'><strong>hostium</strong></span> <span class='ocrx_word' id='word_1_132' title='bbox 567 1433 716 1480; x_wconf 85' lang='lat' dir='ltr'><strong>castris,</strong></span> <span class='ocrx_word' id='word_1_133' title='bbox 738 1440 789 1480; x_wconf 89' lang='lat' dir='ltr'><strong>et,</strong></span> <span class='ocrx_word' id='word_1_134' title='bbox 811 1433 880 1471; x_wconf 87' lang='lat' dir='ltr'><strong>ubi</strong></span> <span class='ocrx_word' id='word_1_135' title='bbox 902 1433 1056 1484; x_wconf 88' lang='lat' dir='ltr'><strong>signum</strong></span> <span class='ocrx_word' id='word_1_136' title='bbox 1086 1433 1225 1471; x_wconf 87' lang='lat' dir='ltr'><strong>datum</strong></span> <span class='ocrx_word' id='word_1_137' title='bbox 1251 1433 1313 1481; x_wconf 85' lang='lat' dir='ltr'><strong>sit,</strong></span> 
     </span>
     <span class='ocr_line' id='line_1_21' title="bbox 127 1497 1316 1548; baseline -0.001 -12"><span class='ocrx_word' id='word_1_138' title='bbox 127 1497 335 1536; x_wconf 86' lang='lat' dir='ltr'><strong>clamorem</strong></span> <span class='ocrx_word' id='word_1_139' title='bbox 367 1511 502 1536; x_wconf 90' lang='lat' dir='ltr'><strong>omnes</strong></span> <span class='ocrx_word' id='word_1_140' title='bbox 533 1497 669 1536; x_wconf 77' lang='lat' dir='ltr'><strong>tollere</strong></span> <span class='ocrx_word' id='word_1_141' title='bbox 695 1497 818 1548; x_wconf 87' lang='lat' dir='ltr'><strong>jubet,</strong></span> <span class='ocrx_word' id='word_1_142' title='bbox 842 1499 1008 1536; x_wconf 86' lang='lat' dir='ltr'><strong>clamore</strong></span> <span class='ocrx_word' id='word_1_143' title='bbox 1038 1497 1192 1536; x_wconf 87' lang='lat' dir='ltr'><strong>sublato</strong></span> <span class='ocrx_word' id='word_1_144' title='bbox 1224 1503 1316 1536; x_wconf 82' lang='lat' dir='ltr'><strong>ante</strong></span> 
     </span>
     <span class='ocr_line' id='line_1_22' title="bbox 127 1561 1317 1614; baseline 0 -13"><span class='ocrx_word' id='word_1_145' title='bbox 127 1575 167 1601; x_wconf 87' lang='lat' dir='ltr'><strong>se</strong></span> <span class='ocrx_word' id='word_1_146' title='bbox 191 1575 387 1614; x_wconf 90' lang='lat' dir='ltr'><strong>quemque</strong></span> <span class='ocrx_word' id='word_1_147' title='bbox 407 1561 548 1601; x_wconf 82' lang='lat' dir='ltr'><strong>(lucere</strong></span> <span class='ocrx_word' id='word_1_148' title='bbox 577 1561 733 1609; x_wconf 85' lang='lat' dir='ltr'><strong>fossam,</strong></span> <span class='ocrx_word' id='word_1_149' title='bbox 756 1567 796 1600; x_wconf 85' lang='lat' dir='ltr'><strong>et</strong></span> <span class='ocrx_word' id='word_1_150' title='bbox 820 1561 951 1612; x_wconf 82' lang='lat' dir='ltr'><strong>jacere</strong></span> <span class='ocrx_word' id='word_1_151' title='bbox 981 1561 1139 1600; x_wconf 86' lang='lat' dir='ltr'><strong>vallum.</strong></span> <span class='ocrx_word' id='word_1_152' title='bbox 1198 1561 1317 1601; x_wconf 84' lang='lat' dir='ltr'><strong>Jussa</strong></span> 
     </span>
     <span class='ocr_line' id='line_1_23' title="bbox 126 1623 1317 1674; baseline -0.001 -11"><span class='ocrx_word' id='word_1_153' title='bbox 126 1624 238 1663; x_wconf 89' lang='lat' dir='ltr'><strong>miles</strong></span> <span class='ocrx_word' id='word_1_154' title='bbox 293 1624 548 1674; x_wconf 82' lang='lat' dir='ltr'><strong>exsequitur3</strong></span> <span class='ocrx_word' id='word_1_155' title='bbox 605 1623 752 1662; x_wconf 86' lang='lat' dir='ltr'><strong>clamor</strong></span> <span class='ocrx_word' id='word_1_156' title='bbox 824 1623 956 1662; x_wconf 89' lang='lat' dir='ltr'><strong>hostes</strong></span> <span class='ocrx_word' id='word_1_157' title='bbox 1029 1624 1291 1662; x_wconf 78' lang='lat' dir='ltr'><strong>circumsonat</strong></span> <span class='ocrx_word' id='word_1_158' title='bbox 1307 1639 1317 1673; x_wconf 84' lang='lat'>3</span> 
     </span>
     <span class='ocr_line' id='line_1_24' title="bbox 127 1688 1317 1740; baseline -0.002 -12"><span class='ocrx_word' id='word_1_159' title='bbox 127 1694 286 1740; x_wconf 81' lang='lat' dir='ltr'><strong>superat</strong></span> <span class='ocrx_word' id='word_1_160' title='bbox 323 1688 415 1727; x_wconf 88' lang='lat' dir='ltr'><strong>inde</strong></span> <span class='ocrx_word' id='word_1_161' title='bbox 452 1694 579 1727; x_wconf 84' lang='lat' dir='ltr'><strong>castra</strong></span> <span class='ocrx_word' id='word_1_162' title='bbox 616 1688 789 1726; x_wconf 82' lang='lat' dir='ltr'><strong>hostium</strong></span> <span class='ocrx_word' id='word_1_163' title='bbox 828 1693 868 1727; x_wconf 84' lang='lat' dir='ltr'><strong>et</strong></span> <span class='ocrx_word' id='word_1_164' title='bbox 906 1689 946 1726; x_wconf 93' lang='lat' dir='ltr'><strong>in</strong></span> <span class='ocrx_word' id='word_1_165' title='bbox 985 1693 1111 1726; x_wconf 81' lang='lat' dir='ltr'><strong>castra</strong></span> <span class='ocrx_word' id='word_1_166' title='bbox 1148 1688 1317 1726; x_wconf 86' lang='lat' dir='ltr'><strong>consulis</strong></span> 
     </span>
     <span class='ocr_line' id='line_1_25' title="bbox 128 1752 1312 1804; baseline -0.001 -12"><span class='ocrx_word' id='word_1_167' title='bbox 128 1754 260 1792; x_wconf 87' lang='lat' dir='ltr'><strong>venit:</strong></span> <span class='ocrx_word' id='word_1_168' title='bbox 290 1753 411 1792; x_wconf 76' lang='lat' dir='ltr'><strong>alibi⁴</strong></span> <span class='ocrx_word' id='word_1_169' title='bbox 449 1766 645 1804; x_wconf 82' lang='lat' dir='ltr'><strong>pavorem,</strong></span> <span class='ocrx_word' id='word_1_170' title='bbox 685 1752 777 1791; x_wconf 86' lang='lat' dir='ltr'><strong>alibi</strong></span> <span class='ocrx_word' id='word_1_171' title='bbox 812 1752 998 1803; x_wconf 80' lang='lat' dir='ltr'><strong>gaudium</strong></span> <span class='ocrx_word' id='word_1_172' title='bbox 1038 1753 1175 1803; x_wconf 83' lang='lat' dir='ltr'><strong>ingens</strong></span> <span class='ocrx_word' id='word_1_173' title='bbox 1213 1753 1312 1791; x_wconf 83' lang='lat' dir='ltr'><strong>facit.</strong></span> 
     </span>
     <span class='ocr_line' id='line_1_26' title="bbox 128 1816 1317 1867; baseline -0.002 -10"><span class='ocrx_word' id='word_1_174' title='bbox 128 1817 288 1865; x_wconf 90' lang='lat' dir='ltr'><strong>Consul,</strong></span> <span class='ocrx_word' id='word_1_175' title='bbox 308 1817 454 1856; x_wconf 86' lang='lat' dir='ltr'><strong>civium</strong></span> <span class='ocrx_word' id='word_1_176' title='bbox 485 1831 567 1856; x_wconf 87' lang='lat' dir='ltr'><strong>esse</strong></span> <span class='ocrx_word' id='word_1_177' title='bbox 593 1817 801 1856; x_wconf 85' lang='lat' dir='ltr'><strong>clamorem</strong></span> <span class='ocrx_word' id='word_1_178' title='bbox 829 1824 947 1867; x_wconf 87' lang='lat' dir='ltr'><strong>atque</strong></span> <span class='ocrx_word' id='word_1_179' title='bbox 971 1817 1162 1855; x_wconf 85' lang='lat' dir='ltr'><strong>auxilium</strong></span> <span class='ocrx_word' id='word_1_180' title='bbox 1183 1816 1317 1855; x_wconf 83' lang='lat' dir='ltr'><strong>adesse</strong></span> 
     </span>
     <span class='ocr_line' id='line_1_27' title="bbox 129 1880 1315 1932; baseline 0 -12"><span class='ocrx_word' id='word_1_181' title='bbox 129 1888 248 1930; x_wconf 84' lang='lat' dir='ltr'><strong>ratus,</strong></span> <span class='ocrx_word' id='word_1_182' title='bbox 296 1895 387 1921; x_wconf 88' lang='lat' dir='ltr'><strong>suos</strong></span> <span class='ocrx_word' id='word_1_183' title='bbox 443 1895 551 1920; x_wconf 82' lang='lat' dir='ltr'><strong>arma</strong></span> <span class='ocrx_word' id='word_1_184' title='bbox 606 1895 741 1932; x_wconf 83' lang='lat' dir='ltr'><strong>capere</strong></span> <span class='ocrx_word' id='word_1_185' title='bbox 789 1887 829 1919; x_wconf 83' lang='lat' dir='ltr'><strong>et</strong></span> <span class='ocrx_word' id='word_1_186' title='bbox 875 1894 915 1919; x_wconf 88' lang='lat' dir='ltr'><strong>se</strong></span> <span class='ocrx_word' id='word_1_187' title='bbox 961 1881 1145 1931; x_wconf 87' lang='lat' dir='ltr'><strong>subsequi</strong></span> <span class='ocrx_word' id='word_1_188' title='bbox 1192 1880 1315 1931; x_wconf 83' lang='lat' dir='ltr'><strong>jubet.</strong></span> 
     </span>
     <span class='ocr_line' id='line_1_28' title="bbox 129 1945 1318 1997; baseline -0.003 -12"><span class='ocrx_word' id='word_1_189' title='bbox 129 1945 255 1985; x_wconf 84' lang='lat' dir='ltr'><strong>Nocte</strong></span> <span class='ocrx_word' id='word_1_190' title='bbox 284 1946 475 1997; x_wconf 89' lang='lat' dir='ltr'><strong>proelium</strong></span> <span class='ocrx_word' id='word_1_191' title='bbox 504 1946 647 1984; x_wconf 87' lang='lat' dir='ltr'><strong>initum</strong></span> <span class='ocrx_word' id='word_1_192' title='bbox 678 1951 745 1984; x_wconf 87' lang='lat' dir='ltr'><strong>est.</strong></span> <span class='ocrx_word' id='word_1_193' title='bbox 805 1945 946 1995; x_wconf 89' lang='lat' dir='ltr'><strong>Aequi,</strong></span> <span class='ocrx_word' id='word_1_194' title='bbox 969 1945 1018 1983; x_wconf 87' lang='lat' dir='ltr'><strong>ab</strong></span> <span class='ocrx_word' id='word_1_195' title='bbox 1047 1945 1240 1983; x_wconf 84' lang='lat' dir='ltr'><strong>exteriore</strong></span> <span class='ocrx_word' id='word_1_196' title='bbox 1269 1945 1318 1983; x_wconf 82' lang='lat' dir='ltr'><strong>ad</strong></span> 
     </span>
     <span class='ocr_line' id='line_1_29' title="bbox 129 2009 1318 2059; baseline -0.003 -10"><span class='ocrx_word' id='word_1_197' title='bbox 129 2011 356 2049; x_wconf 87' lang='lat' dir='ltr'><strong>interiorem</strong></span> <span class='ocrx_word' id='word_1_198' title='bbox 394 2010 546 2049; x_wconf 85' lang='lat' dir='ltr'><strong>hostem</strong></span> <span class='ocrx_word' id='word_1_199' title='bbox 578 2010 691 2056; x_wconf 80' lang='lat' dir='ltr'><strong>versi,</strong></span> <span class='ocrx_word' id='word_1_200' title='bbox 724 2009 908 2048; x_wconf 78' lang='lat' dir='ltr'><strong>dictatmi</strong></span> <span class='ocrx_word' id='word_1_201' title='bbox 944 2014 1099 2047; x_wconf 86' lang='lat' dir='ltr'><strong>noctem</strong></span> <span class='ocrx_word' id='word_1_202' title='bbox 1133 2009 1182 2047; x_wconf 84' lang='lat' dir='ltr'><strong>ad</strong></span> <span class='ocrx_word' id='word_1_203' title='bbox 1221 2022 1318 2059; x_wconf 86' lang='lat' dir='ltr'><strong>opus</strong></span> 
     </span>
     <span class='ocr_line' id='line_1_30' title="bbox 130 2073 1317 2125; baseline -0.002 -12"><span class='ocrx_word' id='word_1_204' title='bbox 130 2074 410 2125; x_wconf 84' lang='lat' dir='ltr'><strong>perficiendum</strong></span> <span class='ocrx_word' id='word_1_205' title='bbox 439 2074 609 2122; x_wconf 87' lang='lat' dir='ltr'><strong>dedere;</strong></span> <span class='ocrx_word' id='word_1_206' title='bbox 638 2080 935 2125; x_wconf 85' lang='lat' dir='ltr'><strong>pugnatumque</strong></span> <span class='ocrx_word' id='word_1_207' title='bbox 964 2086 1053 2111; x_wconf 91' lang='lat' dir='ltr'><strong>cum</strong></span> <span class='ocrx_word' id='word_1_208' title='bbox 1082 2073 1240 2112; x_wconf 87' lang='lat' dir='ltr'><strong>consule</strong></span> <span class='ocrx_word' id='word_1_209' title='bbox 1268 2073 1317 2111; x_wconf 83' lang='lat' dir='ltr'><strong>ad</strong></span> 
     </span>
    </p>
   </div>
  </div>
 </body>
</html>
