<?xml version="1.0" encoding="UTF-8"?>
<!DOCTYPE html PUBLIC "-//W3C//DTD XHTML 1.0 Transitional//EN"
    "http://www.w3.org/TR/xhtml1/DTD/xhtml1-transitional.dtd">
<html xmlns="http://www.w3.org/1999/xhtml" xml:lang="en" lang="en">
 <head>
  <title>
</title>
<meta http-equiv="Content-Type" content="text/html;charset=utf-8" />
  <meta name='ocr-system' content='tesseract 3.04.00' />
  <meta name='ocr-capabilities' content='ocr_page ocr_carea ocr_par ocr_line ocrx_word'/>
</head>
<body>
  <div class='ocr_page' id='page_1' title='image "./legendsofancient00livyuoft_0046.png"; bbox 0 0 1438 2296; ppageno 0'>
   <div class='ocr_carea' id='block_1_1' title="bbox 157 140 931 180">
    <p class='ocr_par' dir='ltr' id='par_1_1' title="bbox 157 140 931 180">
     <span class='ocr_line' id='line_1_1' title="bbox 157 140 931 180; baseline 0.001 -2"><span class='ocrx_word' id='word_1_1' title='bbox 157 142 178 178; x_wconf 86' lang='lat'>3</span> <span class='ocrx_word' id='word_1_2' title='bbox 185 143 206 178; x_wconf 87' lang='grc'>8</span> <span class='ocrx_word' id='word_1_3' title='bbox 579 141 649 179; x_wconf 86' lang='lat' dir='ltr'>LE</span> <span class='ocrx_word' id='word_1_4' title='bbox 653 141 835 179; x_wconf 70' lang='lat' dir='ltr'><em>GENDS</em></span> <span class='ocrx_word' id='word_1_5' title='bbox 865 140 931 180; x_wconf 79' lang='lat' dir='ltr'>(JF</span> 
     </span>
    </p>
   </div>
   <div class='ocr_carea' id='block_1_2' title="bbox 148 244 1362 2106">
    <p class='ocr_par' dir='ltr' id='par_1_2' title="bbox 155 244 1351 347">
     <span class='ocr_line' id='line_1_2' title="bbox 156 244 1351 296; baseline 0.003 -14"><span class='ocrx_word' id='word_1_6' title='bbox 156 258 294 296; x_wconf 87' lang='lat' dir='ltr'>agrum</span> <span class='ocrx_word' id='word_1_7' title='bbox 315 245 522 283; x_wconf 75' lang='lat' dir='ltr'><strong>Antiatem</strong></span> <span class='ocrx_word' id='word_1_8' title='bbox 544 244 676 291; x_wconf 84' lang='lat' dir='ltr'>delati,</span> <span class='ocrx_word' id='word_1_9' title='bbox 700 244 922 283; x_wconf 84' lang='lat' dir='ltr'>incursione</span> <span class='ocrx_word' id='word_1_10' title='bbox 943 245 992 283; x_wconf 88' lang='lat' dir='ltr'>ab</span> <span class='ocrx_word' id='word_1_11' title='bbox 1012 245 1219 296; x_wconf 87' lang='lat' dir='ltr'>oppidanis</span> <span class='ocrx_word' id='word_1_12' title='bbox 1248 246 1351 285; x_wconf 83' lang='lat' dir='ltr'>facta</span> 
     </span>
     <span class='ocr_line' id='line_1_3' title="bbox 155 309 528 347; baseline -0.003 0"><span class='ocrx_word' id='word_1_13' title='bbox 155 309 528 347; x_wconf 86' lang='lat' dir='ltr'>circumveniuntur.</span> 
     </span>
    </p>

    <p class='ocr_par' dir='ltr' id='par_1_3' title="bbox 150 373 1362 1393">
     <span class='ocr_line' id='line_1_4' title="bbox 206 373 1352 413; baseline 0.002 -2"><span class='ocrx_word' id='word_1_14' title='bbox 206 373 302 412; x_wconf 89' lang='lat' dir='ltr'>Veis</span> <span class='ocrx_word' id='word_1_15' title='bbox 323 373 481 411; x_wconf 76' lang='lat' dir='ltr'>interim</span> <span class='ocrx_word' id='word_1_16' title='bbox 504 387 582 411; x_wconf 89' lang='lat' dir='ltr'>non</span> <span class='ocrx_word' id='word_1_17' title='bbox 605 373 725 411; x_wconf 84' lang='lat' dir='ltr'>animi</span> <span class='ocrx_word' id='word_1_18' title='bbox 747 373 871 411; x_wconf 90' lang='lat' dir='ltr'>solum</span> <span class='ocrx_word' id='word_1_19' title='bbox 889 373 957 412; x_wconf 88' lang='lat' dir='ltr'>sed</span> <span class='ocrx_word' id='word_1_20' title='bbox 973 374 1091 412; x_wconf 86' lang='lat' dir='ltr'>etiam</span> <span class='ocrx_word' id='word_1_21' title='bbox 1107 374 1209 412; x_wconf 89' lang='lat' dir='ltr'>vires</span> <span class='ocrx_word' id='word_1_22' title='bbox 1223 374 1352 413; x_wconf 89' lang='lat' dir='ltr'>indies</span> 
     </span>
     <span class='ocr_line' id='line_1_5' title="bbox 154 438 1352 489; baseline 0.002 -13"><span class='ocrx_word' id='word_1_23' title='bbox 154 438 390 485; x_wconf 73' lang='lat' dir='ltr'>crescebant,</span> <span class='ocrx_word' id='word_1_24' title='bbox 408 444 448 476; x_wconf 88' lang='lat' dir='ltr'>et</span> <span class='ocrx_word' id='word_1_25' title='bbox 462 443 662 475; x_wconf 91' lang='lat' dir='ltr'>maturum</span> <span class='ocrx_word' id='word_1_26' title='bbox 675 439 689 462; x_wconf 84' lang='lat'><strong>3</strong></span> <span class='ocrx_word' id='word_1_27' title='bbox 701 438 784 487; x_wconf 80' lang='lat' dir='ltr'>jam</span> <span class='ocrx_word' id='word_1_28' title='bbox 802 438 1012 476; x_wconf 86' lang='lat' dir='ltr'>videbatur</span> <span class='ocrx_word' id='word_1_29' title='bbox 1023 439 1191 489; x_wconf 85' lang='lat' dir='ltr'>patriam</span> <span class='ocrx_word' id='word_1_30' title='bbox 1205 453 1254 477; x_wconf 88' lang='lat' dir='ltr'>ex</span> <span class='ocrx_word' id='word_1_31' title='bbox 1266 439 1352 478; x_wconf 90' lang='lat' dir='ltr'>hos-</span> 
     </span>
     <span class='ocr_line' id='line_1_6' title="bbox 154 502 1338 553; baseline 0.002 -13"><span class='ocrx_word' id='word_1_32' title='bbox 154 503 253 540; x_wconf 88' lang='lat' dir='ltr'>tium</span> <span class='ocrx_word' id='word_1_33' title='bbox 273 502 454 540; x_wconf 87' lang='lat' dir='ltr'>manibus</span> <span class='ocrx_word' id='word_1_34' title='bbox 475 502 582 552; x_wconf 88' lang='lat' dir='ltr'>eripi.</span> <span class='ocrx_word' id='word_1_35' title='bbox 644 502 721 540; x_wconf 83' lang='lat' dir='ltr'>Sed</span> <span class='ocrx_word' id='word_1_36' title='bbox 742 503 893 552; x_wconf 87' lang='lat' dir='ltr'>corpori</span> <span class='ocrx_word' id='word_1_37' title='bbox 915 503 1046 542; x_wconf 86' lang='lat' dir='ltr'>valido</span> <span class='ocrx_word' id='word_1_38' title='bbox 1067 509 1184 553; x_wconf 90' lang='lat' dir='ltr'>caput</span> <span class='ocrx_word' id='word_1_39' title='bbox 1203 503 1338 542; x_wconf 85' lang='lat' dir='ltr'>deerat</span> 
     </span>
     <span class='ocr_line' id='line_1_7' title="bbox 153 567 1351 618; baseline 0.001 -13"><span class='ocrx_word' id='word_1_40' title='bbox 153 567 280 605; x_wconf 88' lang='lat' dir='ltr'>Locus</span> <span class='ocrx_word' id='word_1_41' title='bbox 300 568 383 618; x_wconf 89' lang='lat' dir='ltr'>ipse</span> <span class='ocrx_word' id='word_1_42' title='bbox 404 567 642 605; x_wconf 87' lang='lat' dir='ltr'>admonebat</span> <span class='ocrx_word' id='word_1_43' title='bbox 663 567 829 614; x_wconf 82' lang='lat' dir='ltr'>Camilli,</span> <span class='ocrx_word' id='word_1_44' title='bbox 852 572 891 605; x_wconf 85' lang='lat' dir='ltr'>et</span> <span class='ocrx_word' id='word_1_45' title='bbox 911 581 1052 618; x_wconf 85' lang='lat' dir='ltr'>magna</span> <span class='ocrx_word' id='word_1_46' title='bbox 1072 581 1160 618; x_wconf 85' lang='lat' dir='ltr'>pars</span> <span class='ocrx_word' id='word_1_47' title='bbox 1180 568 1351 606; x_wconf 87' lang='lat' dir='ltr'>militum</span> 
     </span>
     <span class='ocr_line' id='line_1_8' title="bbox 153 631 1348 683; baseline 0.002 -14"><span class='ocrx_word' id='word_1_48' title='bbox 153 637 238 670; x_wconf 84' lang='lat' dir='ltr'>erat</span> <span class='ocrx_word' id='word_1_49' title='bbox 257 632 324 682; x_wconf 86' lang='lat' dir='ltr'>qui</span> <span class='ocrx_word' id='word_1_50' title='bbox 345 632 428 682; x_wconf 87' lang='lat' dir='ltr'>ejus</span> <span class='ocrx_word' id='word_1_51' title='bbox 449 631 571 670; x_wconf 90' lang='lat' dir='ltr'>ductu</span> <span class='ocrx_word' id='word_1_52' title='bbox 591 632 842 682; x_wconf 86' lang='lat' dir='ltr'>auspicioque</span> <span class='ocrx_word' id='word_1_53' title='bbox 861 645 923 670; x_wconf 91' lang='lat' dir='ltr'>res</span> <span class='ocrx_word' id='word_1_54' title='bbox 938 646 1122 683; x_wconf 84' lang='lat' dir='ltr'>prospere</span> <span class='ocrx_word' id='word_1_55' title='bbox 1138 637 1348 683; x_wconf 75' lang='lat' dir='ltr'>gesserant.</span> 
     </span>
     <span class='ocr_line' id='line_1_9' title="bbox 153 695 1349 747; baseline 0.002 -13"><span class='ocrx_word' id='word_1_56' title='bbox 153 695 360 735; x_wconf 90' lang='lat' dir='ltr'>Consensu</span> <span class='ocrx_word' id='word_1_57' title='bbox 381 697 559 735; x_wconf 92' lang='lat' dir='ltr'>omnium</span> <span class='ocrx_word' id='word_1_58' title='bbox 578 696 727 747; x_wconf 86' lang='lat' dir='ltr'>placuit</span> <span class='ocrx_word' id='word_1_59' title='bbox 753 697 802 735; x_wconf 84' lang='lat' dir='ltr'>ab</span> <span class='ocrx_word' id='word_1_60' title='bbox 831 696 965 735; x_wconf 82' lang='lat' dir='ltr'>Ardea</span> <span class='ocrx_word' id='word_1_61' title='bbox 985 696 1195 736; x_wconf 85' lang='lat' dir='ltr'>Camillum</span> <span class='ocrx_word' id='word_1_62' title='bbox 1223 698 1349 746; x_wconf 87' lang='lat' dir='ltr'>acciri,</span> 
     </span>
     <span class='ocr_line' id='line_1_10' title="bbox 153 761 1350 813; baseline 0.001 -14"><span class='ocrx_word' id='word_1_63' title='bbox 153 761 220 799; x_wconf 88' lang='lat' dir='ltr'>sed</span> <span class='ocrx_word' id='word_1_64' title='bbox 241 765 391 809; x_wconf 88' lang='lat' dir='ltr'>senatu,</span> <span class='ocrx_word' id='word_1_65' title='bbox 414 761 482 811; x_wconf 90' lang='lat' dir='ltr'>qui</span> <span class='ocrx_word' id='word_1_66' title='bbox 503 761 652 800; x_wconf 85' lang='lat' dir='ltr'>Romae</span> <span class='ocrx_word' id='word_1_67' title='bbox 677 766 790 808; x_wconf 88' lang='lat' dir='ltr'>esset,</span> <span class='ocrx_word' id='word_1_68' title='bbox 808 766 924 800; x_wconf 86' lang='lat' dir='ltr'>antea</span> <span class='ocrx_word' id='word_1_69' title='bbox 944 762 1133 801; x_wconf 85' lang='lat' dir='ltr'>consulto.</span> <span class='ocrx_word' id='word_1_70' title='bbox 1191 762 1350 813; x_wconf 85' lang='lat' dir='ltr'>Ingenti</span> 
     </span>
     <span class='ocr_line' id='line_1_11' title="bbox 153 825 1348 876; baseline 0.002 -13"><span class='ocrx_word' id='word_1_71' title='bbox 153 825 326 876; x_wconf 89' lang='lat' dir='ltr'>periculo</span> <span class='ocrx_word' id='word_1_72' title='bbox 368 839 439 875; x_wconf 88' lang='lat' dir='ltr'>per</span> <span class='ocrx_word' id='word_1_73' title='bbox 477 825 651 864; x_wconf 91' lang='lat' dir='ltr'>hostium</span> <span class='ocrx_word' id='word_1_74' title='bbox 694 825 893 864; x_wconf 75' lang='lat' dir='ltr'>custodias</span> <span class='ocrx_word' id='word_1_75' title='bbox 931 826 1217 865; x_wconf 78' lang='lat' dir='ltr'>transeundum</span> <span class='ocrx_word' id='word_1_76' title='bbox 1254 832 1348 865; x_wconf 85' lang='lat' dir='ltr'>erat.</span> 
     </span>
     <span class='ocr_line' id='line_1_12' title="bbox 152 886 1362 994; baseline 0.001 -66"><span class='ocrx_word' id='word_1_77' title='bbox 152 890 218 928; x_wconf 91' lang='lat' dir='ltr'>Ad</span> <span class='ocrx_word' id='word_1_78' title='bbox 265 904 348 929; x_wconf 76' lang='lat' dir='ltr'>eam</span> <span class='ocrx_word' id='word_1_79' title='bbox 397 903 479 928; x_wconf 91' lang='lat' dir='ltr'>rem</span> <span class='ocrx_word' id='word_1_80' title='bbox 519 890 688 928; x_wconf 88' lang='lat' dir='ltr'>Pontius</span> <span class='ocrx_word' id='word_1_81' title='bbox 726 890 943 938; x_wconf 86' lang='lat' dir='ltr'>Cominius,</span> <span class='ocrx_word' id='word_1_82' title='bbox 982 886 1153 942; x_wconf 62' lang='lat' dir='ltr'>inpiger*</span> <span class='ocrx_word' id='word_1_83' title='bbox 1182 887 1362 994; x_wconf 42' lang='lat' dir='ltr'>juve?</span> 
     </span>
     <span class='ocr_line' id='line_1_13' title="bbox 152 954 1351 1005; baseline 0.001 -12"><span class='ocrx_word' id='word_1_84' title='bbox 152 968 311 1005; x_wconf 85' lang='lat' dir='ltr'>operam</span> <span class='ocrx_word' id='word_1_85' title='bbox 341 954 538 1005; x_wconf 77' lang='lat' dir='ltr'>pollicitus</span> <span class='ocrx_word' id='word_1_86' title='bbox 568 955 701 993; x_wconf 90' lang='lat' dir='ltr'>cortici</span> <span class='ocrx_word' id='word_1_87' title='bbox 730 955 920 993; x_wconf 87' lang='lat' dir='ltr'>incubans</span> <span class='ocrx_word' id='word_1_88' title='bbox 949 955 1120 994; x_wconf 90' lang='lat' dir='ltr'>seeundo</span> <span class='ocrx_word' id='word_1_89' title='bbox 1141 956 1274 994; x_wconf 86' lang='lat' dir='ltr'>Tiberi</span> <span class='ocrx_word' id='word_1_90' title='bbox 1325 955 1351 994; x_wconf 87' lang='lat' dir='ltr'>d</span> 
     </span>
     <span class='ocr_line' id='line_1_14' title="bbox 151 1019 1351 1070; baseline 0.002 -13"><span class='ocrx_word' id='word_1_91' title='bbox 151 1020 289 1058; x_wconf 89' lang='lat' dir='ltr'>urbem</span> <span class='ocrx_word' id='word_1_92' title='bbox 327 1019 514 1058; x_wconf 87' lang='lat' dir='ltr'>defertur.</span> <span class='ocrx_word' id='word_1_93' title='bbox 585 1019 684 1058; x_wconf 91' lang='lat' dir='ltr'>Inde</span> <span class='ocrx_word' id='word_1_94' title='bbox 722 1033 793 1070; x_wconf 91' lang='lat' dir='ltr'>per</span> <span class='ocrx_word' id='word_1_95' title='bbox 829 1025 1088 1070; x_wconf 86' lang='lat' dir='ltr'>praeruptum</span> <span class='ocrx_word' id='word_1_96' title='bbox 1129 1034 1269 1059; x_wconf 90' lang='lat' dir='ltr'>saxum</span> <span class='ocrx_word' id='word_1_97' title='bbox 1310 1021 1351 1059; x_wconf 87' lang='lat' dir='ltr'>in</span> 
     </span>
     <span class='ocr_line' id='line_1_15' title="bbox 152 1083 1352 1135; baseline 0.001 -12"><span class='ocrx_word' id='word_1_98' title='bbox 152 1084 394 1135; x_wconf 84' lang='lat' dir='ltr'>Capitolium</span> <span class='ocrx_word' id='word_1_99' title='bbox 414 1083 559 1131; x_wconf 88' lang='lat' dir='ltr'>evadit,</span> <span class='ocrx_word' id='word_1_100' title='bbox 582 1089 622 1122; x_wconf 91' lang='lat' dir='ltr'>et</span> <span class='ocrx_word' id='word_1_101' title='bbox 642 1084 692 1122; x_wconf 88' lang='lat' dir='ltr'>ad</span> <span class='ocrx_word' id='word_1_102' title='bbox 712 1085 965 1135; x_wconf 78' lang='lat' dir='ltr'>magistratus</span> <span class='ocrx_word' id='word_1_103' title='bbox 995 1084 1136 1123; x_wconf 87' lang='lat' dir='ltr'>duetus</span> <span class='ocrx_word' id='word_1_104' title='bbox 1165 1084 1352 1124; x_wconf 83' lang='lat' dir='ltr'>mandata</span> 
     </span>
     <span class='ocr_line' id='line_1_16' title="bbox 152 1148 1351 1199; baseline 0.002 -13"><span class='ocrx_word' id='word_1_105' title='bbox 152 1149 347 1187; x_wconf 82' lang='lat' dir='ltr'>exercitus</span> <span class='ocrx_word' id='word_1_106' title='bbox 386 1148 480 1186; x_wconf 90' lang='lat' dir='ltr'>edit.</span> <span class='ocrx_word' id='word_1_107' title='bbox 550 1148 725 1199; x_wconf 90' lang='lat' dir='ltr'>Accepto</span> <span class='ocrx_word' id='word_1_108' title='bbox 764 1148 857 1187; x_wconf 90' lang='lat' dir='ltr'>inde</span> <span class='ocrx_word' id='word_1_109' title='bbox 895 1155 1054 1187; x_wconf 86' lang='lat' dir='ltr'>senatus</span> <span class='ocrx_word' id='word_1_110' title='bbox 1091 1149 1269 1188; x_wconf 85' lang='lat' dir='ltr'>consulto</span> <span class='ocrx_word' id='word_1_111' title='bbox 1306 1155 1351 1188; x_wconf 90' lang='lat' dir='ltr'>ut</span> 
     </span>
     <span class='ocr_line' id='line_1_17' title="bbox 152 1213 1353 1264; baseline 0 -12"><span class='ocrx_word' id='word_1_112' title='bbox 152 1214 350 1261; x_wconf 85' lang='lat' dir='ltr'>Camillus,</span> <span class='ocrx_word' id='word_1_113' title='bbox 384 1213 498 1264; x_wconf 84' lang='lat' dir='ltr'>jussu</span> <span class='ocrx_word' id='word_1_114' title='bbox 532 1213 667 1263; x_wconf 90' lang='lat' dir='ltr'>populi</span> <span class='ocrx_word' id='word_1_115' title='bbox 702 1213 750 1251; x_wconf 87' lang='lat' dir='ltr'>de</span> <span class='ocrx_word' id='word_1_116' title='bbox 785 1213 901 1251; x_wconf 85' lang='lat' dir='ltr'>exilio</span> <span class='ocrx_word' id='word_1_117' title='bbox 934 1218 1150 1261; x_wconf 85' lang='lat' dir='ltr'>revocatus,</span> <span class='ocrx_word' id='word_1_118' title='bbox 1182 1214 1353 1252; x_wconf 87' lang='lat' dir='ltr'>dictator</span> 
     </span>
     <span class='ocr_line' id='line_1_18' title="bbox 151 1277 1351 1330; baseline 0 -13"><span class='ocrx_word' id='word_1_119' title='bbox 151 1279 358 1326; x_wconf 89' lang='lat' dir='ltr'>diceretur,</span> <span class='ocrx_word' id='word_1_120' title='bbox 381 1278 518 1317; x_wconf 87' lang='lat' dir='ltr'>eadem</span> <span class='ocrx_word' id='word_1_121' title='bbox 539 1277 744 1329; x_wconf 82' lang='lat' dir='ltr'>degressus</span> <span class='ocrx_word' id='word_1_122' title='bbox 764 1277 884 1316; x_wconf 88' lang='lat' dir='ltr'>Veios</span> <span class='ocrx_word' id='word_1_123' title='bbox 914 1278 1130 1325; x_wconf 85' lang='lat' dir='ltr'>contendit,</span> <span class='ocrx_word' id='word_1_124' title='bbox 1152 1278 1351 1330; x_wconf 87' lang='lat' dir='ltr'>legatique</span> 
     </span>
     <span class='ocr_line' id='line_1_19' title="bbox 150 1342 1264 1393; baseline 0 -12"><span class='ocrx_word' id='word_1_125' title='bbox 150 1343 326 1382; x_wconf 86' lang='lat' dir='ltr'>Ardeam</span> <span class='ocrx_word' id='word_1_126' title='bbox 348 1343 397 1381; x_wconf 88' lang='lat' dir='ltr'>ad</span> <span class='ocrx_word' id='word_1_127' title='bbox 418 1342 631 1381; x_wconf 79' lang='lat' dir='ltr'>Camillum</span> <span class='ocrx_word' id='word_1_128' title='bbox 651 1342 759 1380; x_wconf 88' lang='lat' dir='ltr'>missi</span> <span class='ocrx_word' id='word_1_129' title='bbox 780 1342 899 1380; x_wconf 87' lang='lat' dir='ltr'>Veios</span> <span class='ocrx_word' id='word_1_130' title='bbox 921 1356 1010 1380; x_wconf 88' lang='lat' dir='ltr'>eum</span> <span class='ocrx_word' id='word_1_131' title='bbox 1031 1342 1264 1393; x_wconf 81' lang='lat' dir='ltr'>perduxere.</span> 
     </span>
    </p>

    <p class='ocr_par' dir='ltr' id='par_1_4' title="bbox 148 1407 1352 2106">
     <span class='ocr_line' id='line_1_20' title="bbox 204 1407 1352 1459; baseline 0 -13"><span class='ocrx_word' id='word_1_132' title='bbox 204 1408 311 1446; x_wconf 89' lang='lat' dir='ltr'>Dum</span> <span class='ocrx_word' id='word_1_133' title='bbox 331 1408 426 1446; x_wconf 89' lang='lat' dir='ltr'>haec</span> <span class='ocrx_word' id='word_1_134' title='bbox 447 1408 541 1446; x_wconf 91' lang='lat' dir='ltr'>Veis</span> <span class='ocrx_word' id='word_1_135' title='bbox 562 1407 792 1458; x_wconf 80' lang='lat' dir='ltr'>agebantur,</span> <span class='ocrx_word' id='word_1_136' title='bbox 809 1407 970 1445; x_wconf 85' lang='lat' dir='ltr'>interim</span> <span class='ocrx_word' id='word_1_137' title='bbox 987 1421 1057 1446; x_wconf 79' lang='lat' dir='ltr'>arx</span> <span class='ocrx_word' id='word_1_138' title='bbox 1074 1407 1223 1446; x_wconf 84' lang='lat' dir='ltr'>Romae</span> <span class='ocrx_word' id='word_1_139' title='bbox 1239 1408 1352 1459; x_wconf 89' lang='lat' dir='ltr'>Capi—</span> 
     </span>
     <span class='ocr_line' id='line_1_21' title="bbox 150 1472 1349 1524; baseline -0.002 -12"><span class='ocrx_word' id='word_1_140' title='bbox 150 1474 371 1524; x_wconf 85' lang='lat' dir='ltr'>toliumque</span> <span class='ocrx_word' id='word_1_141' title='bbox 400 1473 441 1511; x_wconf 93' lang='lat' dir='ltr'>in</span> <span class='ocrx_word' id='word_1_142' title='bbox 476 1472 629 1523; x_wconf 84' lang='lat' dir='ltr'>ingenti</span> <span class='ocrx_word' id='word_1_143' title='bbox 664 1472 838 1523; x_wconf 88' lang='lat' dir='ltr'>periculo</span> <span class='ocrx_word' id='word_1_144' title='bbox 867 1472 952 1510; x_wconf 87' lang='lat' dir='ltr'>fuit.</span> <span class='ocrx_word' id='word_1_145' title='bbox 1012 1472 1193 1523; x_wconf 80' lang='lat' dir='ltr'>Namque</span> <span class='ocrx_word' id='word_1_146' title='bbox 1233 1472 1349 1521; x_wconf 83' lang='lat' dir='ltr'>Galli,</span> 
     </span>
     <span class='ocr_line' id='line_1_22' title="bbox 150 1537 1349 1588; baseline 0 -12"><span class='ocrx_word' id='word_1_147' title='bbox 150 1538 316 1588; x_wconf 82' lang='lat' dir='ltr'>vestigio</span> <span class='ocrx_word' id='word_1_148' title='bbox 333 1542 471 1576; x_wconf 88' lang='lat' dir='ltr'>notato</span> <span class='ocrx_word' id='word_1_149' title='bbox 487 1537 672 1583; x_wconf 83' lang='lat' dir='ltr'>humano,</span> <span class='ocrx_word' id='word_1_150' title='bbox 691 1550 768 1587; x_wconf 82' lang='lat' dir='ltr'>qua</span> <span class='ocrx_word' id='word_1_151' title='bbox 783 1537 947 1575; x_wconf 88' lang='lat' dir='ltr'>nuntius</span> <span class='ocrx_word' id='word_1_152' title='bbox 960 1550 983 1575; x_wconf 89' lang='lat' dir='ltr'>a</span> <span class='ocrx_word' id='word_1_153' title='bbox 995 1537 1089 1575; x_wconf 89' lang='lat' dir='ltr'>Veis</span> <span class='ocrx_word' id='word_1_154' title='bbox 1104 1542 1349 1588; x_wconf 80' lang='lat' dir='ltr'>pervenerat,</span> 
     </span>
     <span class='ocr_line' id='line_1_23' title="bbox 151 1601 1350 1652; baseline 0 -12"><span class='ocrx_word' id='word_1_155' title='bbox 151 1607 265 1641; x_wconf 88' lang='lat' dir='ltr'>nocte</span> <span class='ocrx_word' id='word_1_156' title='bbox 296 1602 487 1640; x_wconf 87' lang='lat' dir='ltr'>sublustri</span> <span class='ocrx_word' id='word_1_157' title='bbox 521 1602 647 1652; x_wconf 89' lang='lat' dir='ltr'>primo</span> <span class='ocrx_word' id='word_1_158' title='bbox 681 1601 884 1647; x_wconf 84' lang='lat' dir='ltr'>inermem,</span> <span class='ocrx_word' id='word_1_159' title='bbox 917 1602 985 1652; x_wconf 88' lang='lat' dir='ltr'>qui</span> <span class='ocrx_word' id='word_1_160' title='bbox 1023 1606 1197 1640; x_wconf 83' lang='lat' dir='ltr'>tentaret</span> <span class='ocrx_word' id='word_1_161' title='bbox 1234 1602 1350 1649; x_wconf 80' lang='lat' dir='ltr'>viam,</span> 
     </span>
     <span class='ocr_line' id='line_1_24' title="bbox 149 1665 1352 1718; baseline -0.001 -13"><span class='ocrx_word' id='word_1_162' title='bbox 149 1667 385 1718; x_wconf 86' lang='lat' dir='ltr'>praemisere</span> <span class='ocrx_word' id='word_1_163' title='bbox 405 1682 412 1704; x_wconf 73' lang='grc' dir='ltr'><strong><em>ε</em></strong></span> <span class='ocrx_word' id='word_1_164' title='bbox 460 1666 553 1704; x_wconf 87' lang='lat' dir='ltr'>inde</span> <span class='ocrx_word' id='word_1_165' title='bbox 592 1679 700 1704; x_wconf 87' lang='lat' dir='ltr'>arma</span> <span class='ocrx_word' id='word_1_166' title='bbox 738 1665 952 1712; x_wconf 82' lang='lat' dir='ltr'>tradentes,</span> <span class='ocrx_word' id='word_1_167' title='bbox 993 1671 1112 1717; x_wconf 84' lang='lat' dir='ltr'>atque</span> <span class='ocrx_word' id='word_1_168' title='bbox 1151 1666 1217 1704; x_wconf 88' lang='lat' dir='ltr'>alii</span> <span class='ocrx_word' id='word_1_169' title='bbox 1256 1666 1352 1705; x_wconf 81' lang='lat' dir='ltr'>alios</span> 
     </span>
     <span class='ocr_line' id='line_1_25' title="bbox 150 1730 1352 1781; baseline -0.001 -11"><span class='ocrx_word' id='word_1_170' title='bbox 150 1732 353 1771; x_wconf 81' lang='lat' dir='ltr'>trahentes</span> <span class='ocrx_word' id='word_1_171' title='bbox 383 1731 724 1781; x_wconf 74' lang='lat' dir='ltr'>sublevantesque,</span> <span class='ocrx_word' id='word_1_172' title='bbox 756 1736 868 1768; x_wconf 79' lang='lat' dir='ltr'>tanto</span> <span class='ocrx_word' id='word_1_173' title='bbox 898 1730 1056 1769; x_wconf 85' lang='lat' dir='ltr'>silentio</span> <span class='ocrx_word' id='word_1_174' title='bbox 1085 1731 1125 1769; x_wconf 89' lang='lat' dir='ltr'>iu</span> <span class='ocrx_word' id='word_1_175' title='bbox 1154 1744 1352 1770; x_wconf 91' lang='lat' dir='ltr'>summum</span> 
     </span>
     <span class='ocr_line' id='line_1_26' title="bbox 149 1795 1352 1844; baseline 0 -9"><span class='ocrx_word' id='word_1_176' title='bbox 149 1811 318 1844; x_wconf 86' lang='lat' dir='ltr'>evasere,</span> <span class='ocrx_word' id='word_1_177' title='bbox 341 1802 385 1835; x_wconf 93' lang='lat' dir='ltr'>ut</span> <span class='ocrx_word' id='word_1_178' title='bbox 409 1811 487 1835; x_wconf 91' lang='lat' dir='ltr'>non</span> <span class='ocrx_word' id='word_1_179' title='bbox 509 1795 692 1834; x_wconf 85' lang='lat' dir='ltr'>custodes</span> <span class='ocrx_word' id='word_1_180' title='bbox 713 1795 837 1833; x_wconf 89' lang='lat' dir='ltr'>solum</span> <span class='ocrx_word' id='word_1_181' title='bbox 859 1795 1051 1843; x_wconf 84' lang='lat' dir='ltr'>fallerent,</span> <span class='ocrx_word' id='word_1_182' title='bbox 1074 1796 1143 1834; x_wconf 91' lang='lat' dir='ltr'>sed</span> <span class='ocrx_word' id='word_1_183' title='bbox 1164 1810 1212 1834; x_wconf 90' lang='lat' dir='ltr'>ne</span> <span class='ocrx_word' id='word_1_184' title='bbox 1239 1810 1352 1835; x_wconf 85' lang='lat' dir='ltr'>canes</span> 
     </span>
     <span class='ocr_line' id='line_1_27' title="bbox 149 1861 1351 1913; baseline -0.001 -13"><span class='ocrx_word' id='word_1_185' title='bbox 149 1863 322 1913; x_wconf 84' lang='lat' dir='ltr'>quidem,</span> <span class='ocrx_word' id='word_1_186' title='bbox 363 1861 508 1900; x_wconf 82' lang='lat' dir='ltr'>animal</span> <span class='ocrx_word' id='word_1_187' title='bbox 548 1861 597 1899; x_wconf 86' lang='lat' dir='ltr'>ad</span> <span class='ocrx_word' id='word_1_188' title='bbox 646 1866 860 1899; x_wconf 87' lang='lat' dir='ltr'>nocturnos</span> <span class='ocrx_word' id='word_1_189' title='bbox 899 1861 1088 1911; x_wconf 73' lang='lat' dir='ltr'>strepitus</span> <span class='ocrx_word' id='word_1_190' title='bbox 1127 1861 1351 1909; x_wconf 83' lang='lat' dir='ltr'>sollicitum,</span> 
     </span>
     <span class='ocr_line' id='line_1_28' title="bbox 149 1925 1352 1975; baseline -0.002 -9"><span class='ocrx_word' id='word_1_191' title='bbox 149 1928 378 1966; x_wconf 75' lang='lat' dir='ltr'>excitarent.</span> <span class='ocrx_word' id='word_1_192' title='bbox 462 1927 632 1964; x_wconf 73' lang='lat' dir='ltr'>Anseres</span> <span class='ocrx_word' id='word_1_193' title='bbox 670 1939 749 1963; x_wconf 81' lang='lat' dir='ltr'>non</span> <span class='ocrx_word' id='word_1_194' title='bbox 794 1925 976 1971; x_wconf 81' lang='lat' dir='ltr'>fefellere,</span> <span class='ocrx_word' id='word_1_195' title='bbox 1018 1925 1162 1975; x_wconf 85' lang='lat' dir='ltr'>quibus</span> <span class='ocrx_word' id='word_1_196' title='bbox 1201 1925 1352 1963; x_wconf 79' lang='lat' dir='ltr'>Junoni</span> 
     </span>
     <span class='ocr_line' id='line_1_29' title="bbox 148 1989 1352 2040; baseline -0.002 -9"><span class='ocrx_word' id='word_1_197' title='bbox 148 1993 267 2031; x_wconf 85' lang='lat' dir='ltr'>sacris</span> <span class='ocrx_word' id='word_1_198' title='bbox 288 1992 328 2029; x_wconf 87' lang='lat' dir='ltr'>in</span> <span class='ocrx_word' id='word_1_199' title='bbox 350 2004 503 2029; x_wconf 79' lang='lat' dir='ltr'>summa</span> <span class='ocrx_word' id='word_1_200' title='bbox 524 1990 599 2028; x_wconf 85' lang='lat' dir='ltr'>eibi</span> <span class='ocrx_word' id='word_1_201' title='bbox 632 1990 764 2040; x_wconf 82' lang='lat' dir='ltr'>inopia</span> <span class='ocrx_word' id='word_1_202' title='bbox 793 1990 1097 2028; x_wconf 62' lang='lat' dir='ltr'>abstinelmtur:¹</span> <span class='ocrx_word' id='word_1_203' title='bbox 1155 1989 1262 2038; x_wconf 80' lang='lat' dir='ltr'>Quae</span> <span class='ocrx_word' id='word_1_204' title='bbox 1292 2003 1352 2028; x_wconf 87' lang='lat' dir='ltr'>res</span> 
     </span>
     <span class='ocr_line' id='line_1_30' title="bbox 149 2054 1351 2106; baseline -0.001 -12"><span class='ocrx_word' id='word_1_205' title='bbox 149 2057 265 2096; x_wconf 80' lang='lat' dir='ltr'>saluti</span> <span class='ocrx_word' id='word_1_206' title='bbox 283 2057 359 2095; x_wconf 88' lang='lat' dir='ltr'>fuit</span> <span class='ocrx_word' id='word_1_207' title='bbox 376 2073 385 2105; x_wconf 78' lang='lat'><em>3</em></span> <span class='ocrx_word' id='word_1_208' title='bbox 415 2069 584 2106; x_wconf 77' lang='lat' dir='ltr'>namque</span> <span class='ocrx_word' id='word_1_209' title='bbox 601 2055 781 2106; x_wconf 80' lang='lat' dir='ltr'>clangore</span> <span class='ocrx_word' id='word_1_210' title='bbox 799 2068 931 2094; x_wconf 84' lang='lat' dir='ltr'>eorum</span> <span class='ocrx_word' id='word_1_211' title='bbox 955 2054 1182 2106; x_wconf 79' lang='lat' dir='ltr'>alarumque</span> <span class='ocrx_word' id='word_1_212' title='bbox 1199 2055 1351 2106; x_wconf 84' lang='lat' dir='ltr'>crepitu</span> 
     </span>
    </p>
   </div>
  </div>
 </body>
</html>
