<?xml version="1.0" encoding="UTF-8"?>
<!DOCTYPE html PUBLIC "-//W3C//DTD XHTML 1.0 Transitional//EN"
    "http://www.w3.org/TR/xhtml1/DTD/xhtml1-transitional.dtd">
<html xmlns="http://www.w3.org/1999/xhtml" xml:lang="en" lang="en">
 <head>
  <title>
</title>
<meta http-equiv="Content-Type" content="text/html;charset=utf-8" />
  <meta name='ocr-system' content='tesseract 3.04.00' />
  <meta name='ocr-capabilities' content='ocr_page ocr_carea ocr_par ocr_line ocrx_word'/>
</head>
<body>
  <div class='ocr_page' id='page_1' title='image "./legendsofancient00livyuoft_0021.png"; bbox 0 0 1438 2296; ppageno 0'>
   <div class='ocr_carea' id='block_1_1' title="bbox 471 127 1290 166">
    <p class='ocr_par' dir='ltr' id='par_1_1' title="bbox 471 127 1290 166">
     <span class='ocr_line' id='line_1_1' title="bbox 471 127 1290 166; baseline 0 0"><span class='ocrx_word' id='word_1_1' title='bbox 471 127 727 166; x_wconf 76' lang='lat' dir='ltr'><em>ANGIENT</em></span> <span class='ocrx_word' id='word_1_2' title='bbox 754 128 914 166; x_wconf 83' lang='lat' dir='ltr'>ROME.</span> <span class='ocrx_word' id='word_1_3' title='bbox 1246 132 1290 166; x_wconf 87' lang='lat'>13</span> 
     </span>
    </p>
   </div>
   <div class='ocr_carea' id='block_1_2' title="bbox 65 230 1303 2073">
    <p class='ocr_par' dir='ltr' id='par_1_2' title="bbox 97 230 1294 593">
     <span class='ocr_line' id='line_1_2' title="bbox 97 230 1292 281; baseline -0.002 -10"><span class='ocrx_word' id='word_1_4' title='bbox 97 231 260 271; x_wconf 84' lang='lat' dir='ltr'><strong>Volscos</strong></span> <span class='ocrx_word' id='word_1_5' title='bbox 281 231 485 270; x_wconf 88' lang='lat' dir='ltr'>exulatum</span> <span class='ocrx_word' id='word_1_6' title='bbox 515 230 622 269; x_wconf 85' lang='lat' dir='ltr'>abiit.</span> <span class='ocrx_word' id='word_1_7' title='bbox 699 230 936 269; x_wconf 79' lang='lat' dir='ltr'>Venientem</span> <span class='ocrx_word' id='word_1_8' title='bbox 966 231 1099 270; x_wconf 87' lang='lat' dir='ltr'>Volsci</span> <span class='ocrx_word' id='word_1_9' title='bbox 1127 231 1292 281; x_wconf 84' lang='lat' dir='ltr'>benigue</span> 
     </span>
     <span class='ocr_line' id='line_1_3' title="bbox 98 295 1293 347; baseline -0.002 -12"><span class='ocrx_word' id='word_1_10' title='bbox 98 301 349 347; x_wconf 84' lang='lat' dir='ltr'>exceperunt,</span> <span class='ocrx_word' id='word_1_11' title='bbox 371 295 658 346; x_wconf 81' lang='lat' dir='ltr'>benigniusque</span> <span class='ocrx_word' id='word_1_12' title='bbox 688 295 814 333; x_wconf 90' lang='lat' dir='ltr'>indies</span> <span class='ocrx_word' id='word_1_13' title='bbox 842 295 1035 334; x_wconf 87' lang='lat' dir='ltr'>colebant.</span> <span class='ocrx_word' id='word_1_14' title='bbox 1110 295 1293 347; x_wconf 80' lang='lat' dir='ltr'>Hospitio</span> 
     </span>
     <span class='ocr_line' id='line_1_4' title="bbox 97 359 1294 411; baseline 0 -12"><span class='ocrx_word' id='word_1_15' title='bbox 97 361 286 400; x_wconf 85' lang='lat' dir='ltr'>utebatur</span> <span class='ocrx_word' id='word_1_16' title='bbox 305 361 396 399; x_wconf 87' lang='lat' dir='ltr'>Atti</span> <span class='ocrx_word' id='word_1_17' title='bbox 416 359 535 405; x_wconf 89' lang='lat' dir='ltr'>Tulli,</span> <span class='ocrx_word' id='word_1_18' title='bbox 552 360 621 410; x_wconf 92' lang='lat' dir='ltr'>qui</span> <span class='ocrx_word' id='word_1_19' title='bbox 642 359 758 411; x_wconf 81' lang='lat' dir='ltr'>longe</span> <span class='ocrx_word' id='word_1_20' title='bbox 777 360 959 411; x_wconf 86' lang='lat' dir='ltr'>princeps</span> <span class='ocrx_word' id='word_1_21' title='bbox 978 360 1110 398; x_wconf 86' lang='lat' dir='ltr'>Volsci</span> <span class='ocrx_word' id='word_1_22' title='bbox 1125 361 1294 399; x_wconf 89' lang='lat' dir='ltr'>nominis</span> 
     </span>
     <span class='ocr_line' id='line_1_5' title="bbox 98 424 1292 476; baseline -0.001 -12"><span class='ocrx_word' id='word_1_23' title='bbox 98 429 196 472; x_wconf 86' lang='lat' dir='ltr'>erat,</span> <span class='ocrx_word' id='word_1_24' title='bbox 236 425 505 475; x_wconf 83' lang='lat' dir='ltr'>Romanisque</span> <span class='ocrx_word' id='word_1_25' title='bbox 552 437 707 476; x_wconf 86' lang='lat' dir='ltr'>semper</span> <span class='ocrx_word' id='word_1_26' title='bbox 753 424 928 463; x_wconf 81' lang='lat' dir='ltr'>infestus.</span> <span class='ocrx_word' id='word_1_27' title='bbox 986 424 1126 476; x_wconf 85' lang='lat' dir='ltr'>Itaque</span> <span class='ocrx_word' id='word_1_28' title='bbox 1174 438 1292 476; x_wconf 91' lang='lat' dir='ltr'>quum</span> 
     </span>
     <span class='ocr_line' id='line_1_6' title="bbox 98 489 1291 538; baseline 0 -10"><span class='ocrx_word' id='word_1_29' title='bbox 98 489 267 528; x_wconf 86' lang='lat' dir='ltr'>alterum</span> <span class='ocrx_word' id='word_1_30' title='bbox 303 496 418 528; x_wconf 89' lang='lat' dir='ltr'>vetus</span> <span class='ocrx_word' id='word_1_31' title='bbox 451 489 597 536; x_wconf 87' lang='lat' dir='ltr'>odium,</span> <span class='ocrx_word' id='word_1_32' title='bbox 620 489 786 528; x_wconf 87' lang='lat' dir='ltr'>alterum</span> <span class='ocrx_word' id='word_1_33' title='bbox 817 489 875 528; x_wconf 84' lang='lat' dir='ltr'>ira</span> <span class='ocrx_word' id='word_1_34' title='bbox 902 503 1035 528; x_wconf 90' lang='lat' dir='ltr'>recens</span> <span class='ocrx_word' id='word_1_35' title='bbox 1060 490 1291 538; x_wconf 74' lang='lat' dir='ltr'>stimularet,</span> 
     </span>
     <span class='ocr_line' id='line_1_7' title="bbox 98 553 893 593; baseline -0.001 -1"><span class='ocrx_word' id='word_1_36' title='bbox 98 554 261 593; x_wconf 88' lang='lat' dir='ltr'>consilia</span> <span class='ocrx_word' id='word_1_37' title='bbox 280 553 329 592; x_wconf 91' lang='lat' dir='ltr'>de</span> <span class='ocrx_word' id='word_1_38' title='bbox 350 553 528 592; x_wconf 87' lang='lat' dir='ltr'>Romano</span> <span class='ocrx_word' id='word_1_39' title='bbox 548 553 653 592; x_wconf 92' lang='lat' dir='ltr'>bello</span> <span class='ocrx_word' id='word_1_40' title='bbox 673 553 893 592; x_wconf 85' lang='lat' dir='ltr'>conferunt.</span> 
     </span>
    </p>

    <p class='ocr_par' dir='ltr' id='par_1_3' title="bbox 65 617 1297 1377">
     <span class='ocr_line' id='line_1_8' title="bbox 151 617 1294 669; baseline 0 -12"><span class='ocrx_word' id='word_1_41' title='bbox 151 617 417 669; x_wconf 87' lang='lat' dir='ltr'>Imperatores</span> <span class='ocrx_word' id='word_1_42' title='bbox 450 617 501 656; x_wconf 86' lang='lat' dir='ltr'>ad</span> <span class='ocrx_word' id='word_1_43' title='bbox 534 617 575 656; x_wconf 91' lang='lat' dir='ltr'>id</span> <span class='ocrx_word' id='word_1_44' title='bbox 613 617 760 657; x_wconf 90' lang='lat' dir='ltr'>bellum</span> <span class='ocrx_word' id='word_1_45' title='bbox 789 631 812 656; x_wconf 89' lang='lat' dir='ltr'>a</span> <span class='ocrx_word' id='word_1_46' title='bbox 840 617 992 657; x_wconf 86' lang='lat' dir='ltr'>Volscis</span> <span class='ocrx_word' id='word_1_47' title='bbox 1029 618 1119 657; x_wconf 91' lang='lat' dir='ltr'>lecti</span> <span class='ocrx_word' id='word_1_48' title='bbox 1157 618 1294 657; x_wconf 88' lang='lat' dir='ltr'>Attius</span> 
     </span>
     <span class='ocr_line' id='line_1_9' title="bbox 65 681 1294 730; baseline 0 -9"><span class='ocrx_word' id='word_1_49' title='bbox 65 698 70 702; x_wconf 84' lang='grc'><em>·</em></span> <span class='ocrx_word' id='word_1_50' title='bbox 98 681 253 721; x_wconf 84' lang='lat' dir='ltr'>Tullius</span> <span class='ocrx_word' id='word_1_51' title='bbox 273 688 314 721; x_wconf 87' lang='lat' dir='ltr'>et</span> <span class='ocrx_word' id='word_1_52' title='bbox 335 683 404 720; x_wconf 88' lang='lat' dir='ltr'>Cn.</span> <span class='ocrx_word' id='word_1_53' title='bbox 427 681 612 730; x_wconf 84' lang='lat' dir='ltr'>Marcius,</span> <span class='ocrx_word' id='word_1_54' title='bbox 635 681 726 721; x_wconf 83' lang='lat' dir='ltr'>exul</span> <span class='ocrx_word' id='word_1_55' title='bbox 746 681 958 720; x_wconf 87' lang='lat' dir='ltr'>Romanus.</span> <span class='ocrx_word' id='word_1_56' title='bbox 1029 682 1106 721; x_wconf 92' lang='lat' dir='ltr'>Hic</span> <span class='ocrx_word' id='word_1_57' title='bbox 1126 682 1294 722; x_wconf 87' lang='lat' dir='ltr'>Circeios</span> 
     </span>
     <span class='ocr_line' id='line_1_10' title="bbox 98 745 1295 798; baseline -0.002 -12"><span class='ocrx_word' id='word_1_58' title='bbox 98 747 309 798; x_wconf 84' lang='lat' dir='ltr'>profectus,</span> <span class='ocrx_word' id='word_1_59' title='bbox 350 747 522 798; x_wconf 91' lang='lat' dir='ltr'>primum</span> <span class='ocrx_word' id='word_1_60' title='bbox 560 745 719 785; x_wconf 84' lang='lat' dir='ltr'>colonos</span> <span class='ocrx_word' id='word_1_61' title='bbox 765 746 859 785; x_wconf 89' lang='lat' dir='ltr'>inde</span> <span class='ocrx_word' id='word_1_62' title='bbox 905 746 1104 785; x_wconf 89' lang='lat' dir='ltr'>Romanos</span> <span class='ocrx_word' id='word_1_63' title='bbox 1141 746 1295 798; x_wconf 87' lang='lat' dir='ltr'>expulit</span> 
     </span>
     <span class='ocr_line' id='line_1_11' title="bbox 99 810 1291 861; baseline 0 -12"><span class='ocrx_word' id='word_1_64' title='bbox 99 811 342 861; x_wconf 82' lang='lat' dir='ltr'>liberamque</span> <span class='ocrx_word' id='word_1_65' title='bbox 385 823 472 849; x_wconf 89' lang='lat' dir='ltr'>eam</span> <span class='ocrx_word' id='word_1_66' title='bbox 516 810 654 849; x_wconf 74' lang='lat' dir='ltr'>u&#39;rbem</span> <span class='ocrx_word' id='word_1_67' title='bbox 693 810 846 849; x_wconf 90' lang='lat' dir='ltr'>Volscis</span> <span class='ocrx_word' id='word_1_68' title='bbox 884 810 1060 849; x_wconf 82' lang='lat' dir='ltr'>tradidit.</span> <span class='ocrx_word' id='word_1_69' title='bbox 1118 811 1218 849; x_wconf 89' lang='lat' dir='ltr'>Inde</span> <span class='ocrx_word' id='word_1_70' title='bbox 1254 811 1291 848; x_wconf 80' lang='lat' dir='ltr'>in</span> 
     </span>
     <span class='ocr_line' id='line_1_12' title="bbox 99 874 1294 926; baseline -0.003 -12"><span class='ocrx_word' id='word_1_71' title='bbox 99 875 284 914; x_wconf 84' lang='lat' dir='ltr'>Lat-inam</span> <span class='ocrx_word' id='word_1_72' title='bbox 316 875 421 913; x_wconf 90' lang='lat' dir='ltr'>viam</span> <span class='ocrx_word' id='word_1_73' title='bbox 455 880 733 926; x_wconf 84' lang='lat' dir='ltr'>transgressus,</span> <span class='ocrx_word' id='word_1_74' title='bbox 772 874 899 913; x_wconf 88' lang='lat' dir='ltr'>multa</span> <span class='ocrx_word' id='word_1_75' title='bbox 926 875 1072 926; x_wconf 87' lang='lat' dir='ltr'>oppida</span> <span class='ocrx_word' id='word_1_76' title='bbox 1108 875 1294 914; x_wconf 74' lang='lat' dir='ltr'>Romanis</span> 
     </span>
     <span class='ocr_line' id='line_1_13' title="bbox 98 939 1294 990; baseline -0.002 -11"><span class='ocrx_word' id='word_1_77' title='bbox 98 939 259 979; x_wconf 82' lang='lat' dir='ltr'>ademit.</span> <span class='ocrx_word' id='word_1_78' title='bbox 323 939 530 978; x_wconf 90' lang='lat' dir='ltr'>Postremo</span> <span class='ocrx_word' id='word_1_79' title='bbox 577 939 714 977; x_wconf 87' lang='lat' dir='ltr'>castris</span> <span class='ocrx_word' id='word_1_80' title='bbox 751 939 926 990; x_wconf 90' lang='lat' dir='ltr'>quinque</span> <span class='ocrx_word' id='word_1_81' title='bbox 962 939 1086 978; x_wconf 89' lang='lat' dir='ltr'>millia</span> <span class='ocrx_word' id='word_1_82' title='bbox 1122 939 1172 978; x_wconf 89' lang='lat' dir='ltr'>ab</span> <span class='ocrx_word' id='word_1_83' title='bbox 1199 940 1294 978; x_wconf 77' lang='lat' dir='ltr'>urbe</span> 
     </span>
     <span class='ocr_line' id='line_1_14' title="bbox 99 1003 1294 1056; baseline 0 -14"><span class='ocrx_word' id='word_1_84' title='bbox 99 1004 238 1056; x_wconf 87' lang='lat' dir='ltr'>positis</span> <span class='ocrx_word' id='word_1_85' title='bbox 294 1016 431 1055; x_wconf 84' lang='lat' dir='ltr'>agrum</span> <span class='ocrx_word' id='word_1_86' title='bbox 490 1003 713 1042; x_wconf 84' lang='lat' dir='ltr'>Romanum</span> <span class='ocrx_word' id='word_1_87' title='bbox 780 1003 1003 1054; x_wconf 83' lang='lat' dir='ltr'>populatur,</span> <span class='ocrx_word' id='word_1_88' title='bbox 1068 1003 1294 1043; x_wconf 87' lang='lat' dir='ltr'>custodibus</span> 
     </span>
     <span class='ocr_line' id='line_1_15' title="bbox 98 1067 1295 1120; baseline 0 -14"><span class='ocrx_word' id='word_1_89' title='bbox 98 1068 204 1107; x_wconf 91' lang='lat' dir='ltr'>inter</span> <span class='ocrx_word' id='word_1_90' title='bbox 258 1067 513 1119; x_wconf 86' lang='lat' dir='ltr'>populatores</span> <span class='ocrx_word' id='word_1_91' title='bbox 568 1067 697 1106; x_wconf 89' lang='lat' dir='ltr'>missis</span> <span class='ocrx_word' id='word_1_92' title='bbox 753 1067 820 1117; x_wconf 92' lang='lat' dir='ltr'>qui</span> <span class='ocrx_word' id='word_1_93' title='bbox 871 1068 1125 1118; x_wconf 84' lang='lat' dir='ltr'>patriciorum</span> <span class='ocrx_word' id='word_1_94' title='bbox 1183 1081 1295 1120; x_wconf 86' lang='lat' dir='ltr'>agros</span> 
     </span>
     <span class='ocr_line' id='line_1_16' title="bbox 98 1131 1297 1182; baseline -0.001 -11"><span class='ocrx_word' id='word_1_95' title='bbox 98 1133 268 1171; x_wconf 85' lang='lat' dir='ltr'>intactos</span> <span class='ocrx_word' id='word_1_96' title='bbox 288 1136 503 1177; x_wconf 85' lang='lat' dir='ltr'>servarent,</span> <span class='ocrx_word' id='word_1_97' title='bbox 521 1131 603 1170; x_wconf 84' lang='lat' dir='ltr'>sive</span> <span class='ocrx_word' id='word_1_98' title='bbox 622 1131 727 1182; x_wconf 66' lang='lat' dir='ltr'>plebi</span> <span class='ocrx_word' id='word_1_99' title='bbox 744 1132 932 1179; x_wconf 86' lang='lat' dir='ltr'>infensus,</span> <span class='ocrx_word' id='word_1_100' title='bbox 947 1132 1029 1171; x_wconf 91' lang='lat' dir='ltr'>sive</span> <span class='ocrx_word' id='word_1_101' title='bbox 1041 1137 1087 1171; x_wconf 89' lang='lat' dir='ltr'>ut</span> <span class='ocrx_word' id='word_1_102' title='bbox 1101 1132 1297 1171; x_wconf 90' lang='lat' dir='ltr'>discordia</span> 
     </span>
     <span class='ocr_line' id='line_1_17' title="bbox 98 1195 1296 1247; baseline 0 -11"><span class='ocrx_word' id='word_1_103' title='bbox 98 1196 193 1236; x_wconf 89' lang='lat' dir='ltr'>inde</span> <span class='ocrx_word' id='word_1_104' title='bbox 212 1197 319 1235; x_wconf 86' lang='lat' dir='ltr'>inter</span> <span class='ocrx_word' id='word_1_105' title='bbox 337 1202 468 1247; x_wconf 87' lang='lat' dir='ltr'>patres</span> <span class='ocrx_word' id='word_1_106' title='bbox 488 1195 723 1247; x_wconf 85' lang='lat' dir='ltr'>plebemque</span> <span class='ocrx_word' id='word_1_107' title='bbox 744 1202 930 1235; x_wconf 90' lang='lat' dir='ltr'>oreretur.</span> <span class='ocrx_word' id='word_1_108' title='bbox 990 1197 1099 1245; x_wconf 82' lang='lat' dir='ltr'>Quae</span> <span class='ocrx_word' id='word_1_109' title='bbox 1122 1197 1296 1247; x_wconf 83' lang='lat' dir='ltr'>profecto</span> 
     </span>
     <span class='ocr_line' id='line_1_18' title="bbox 99 1260 1296 1309; baseline 0.001 -9"><span class='ocrx_word' id='word_1_110' title='bbox 99 1266 187 1300; x_wconf 86' lang='lat' dir='ltr'>orta</span> <span class='ocrx_word' id='word_1_111' title='bbox 212 1265 326 1308; x_wconf 85' lang='lat' dir='ltr'>esset,</span> <span class='ocrx_word' id='word_1_112' title='bbox 348 1260 416 1300; x_wconf 90' lang='lat' dir='ltr'>sed</span> <span class='ocrx_word' id='word_1_113' title='bbox 446 1265 634 1300; x_wconf 85' lang='lat' dir='ltr'>externus</span> <span class='ocrx_word' id='word_1_114' title='bbox 663 1261 792 1309; x_wconf 86' lang='lat' dir='ltr'>timor,</span> <span class='ocrx_word' id='word_1_115' title='bbox 824 1261 1040 1300; x_wconf 87' lang='lat' dir='ltr'>maximum</span> <span class='ocrx_word' id='word_1_116' title='bbox 1069 1262 1296 1301; x_wconf 85' lang='lat' dir='ltr'>concordiae</span> 
     </span>
     <span class='ocr_line' id='line_1_19' title="bbox 99 1325 1083 1377; baseline -0.001 -12"><span class='ocrx_word' id='word_1_117' title='bbox 99 1325 313 1373; x_wconf 85' lang='lat' dir='ltr'>vinculum,</span> <span class='ocrx_word' id='word_1_118' title='bbox 335 1326 510 1364; x_wconf 83' lang='lat' dir='ltr'>infensos</span> <span class='ocrx_word' id='word_1_119' title='bbox 529 1325 634 1364; x_wconf 89' lang='lat' dir='ltr'>inter</span> <span class='ocrx_word' id='word_1_120' title='bbox 653 1339 693 1363; x_wconf 90' lang='lat' dir='ltr'>se</span> <span class='ocrx_word' id='word_1_121' title='bbox 708 1325 903 1377; x_wconf 87' lang='lat' dir='ltr'>jungebat</span> <span class='ocrx_word' id='word_1_122' title='bbox 921 1326 1083 1365; x_wconf 88' lang='lat' dir='ltr'>animos.</span> 
     </span>
    </p>

    <p class='ocr_par' dir='ltr' id='par_1_4' title="bbox 100 1389 1303 2073">
     <span class='ocr_line' id='line_1_20' title="bbox 153 1389 1295 1441; baseline 0.002 -13"><span class='ocrx_word' id='word_1_123' title='bbox 153 1390 218 1441; x_wconf 91' lang='lat' dir='ltr'>Sp.</span> <span class='ocrx_word' id='word_1_124' title='bbox 252 1390 424 1428; x_wconf 87' lang='lat' dir='ltr'>Nautius</span> <span class='ocrx_word' id='word_1_125' title='bbox 453 1395 493 1429; x_wconf 91' lang='lat' dir='ltr'>et</span> <span class='ocrx_word' id='word_1_126' title='bbox 524 1389 612 1428; x_wconf 87' lang='lat' dir='ltr'>Sex.</span> <span class='ocrx_word' id='word_1_127' title='bbox 646 1389 788 1428; x_wconf 87' lang='lat' dir='ltr'>Furius</span> <span class='ocrx_word' id='word_1_128' title='bbox 817 1390 996 1429; x_wconf 84' lang='lat' dir='ltr'>consules</span> <span class='ocrx_word' id='word_1_129' title='bbox 1016 1395 1137 1430; x_wconf 91' lang='lat' dir='ltr'>erant.</span> <span class='ocrx_word' id='word_1_130' title='bbox 1207 1391 1295 1436; x_wconf 72' lang='grc' dir='ltr'><strong>Εοε,</strong></span> 
     </span>
     <span class='ocr_line' id='line_1_21' title="bbox 100 1454 1298 1506; baseline 0 -13"><span class='ocrx_word' id='word_1_131' title='bbox 100 1454 196 1494; x_wconf 92' lang='lat' dir='ltr'>dum</span> <span class='ocrx_word' id='word_1_132' title='bbox 225 1454 401 1506; x_wconf 86' lang='lat' dir='ltr'>legiones</span> <span class='ocrx_word' id='word_1_133' title='bbox 431 1459 639 1493; x_wconf 89' lang='lat' dir='ltr'>recensent</span> <span class='ocrx_word' id='word_1_134' title='bbox 672 1460 712 1492; x_wconf 95' lang='lat' dir='ltr'>et</span> <span class='ocrx_word' id='word_1_135' title='bbox 745 1454 944 1505; x_wconf 82' lang='lat' dir='ltr'>praesidia</span> <span class='ocrx_word' id='word_1_136' title='bbox 976 1467 1046 1505; x_wconf 89' lang='lat' dir='ltr'>per</span> <span class='ocrx_word' id='word_1_137' title='bbox 1074 1468 1205 1494; x_wconf 89' lang='lat' dir='ltr'>muros</span> <span class='ocrx_word' id='word_1_138' title='bbox 1225 1455 1298 1493; x_wconf 84' lang='lat' dir='ltr'>dis·</span> 
     </span>
     <span class='ocr_line' id='line_1_22' title="bbox 100 1518 1299 1571; baseline 0.001 -14"><span class='ocrx_word' id='word_1_139' title='bbox 100 1524 266 1571; x_wconf 89' lang='lat' dir='ltr'>ponunt,</span> <span class='ocrx_word' id='word_1_140' title='bbox 288 1518 507 1557; x_wconf 90' lang='lat' dir='ltr'>multitudo</span> <span class='ocrx_word' id='word_1_141' title='bbox 527 1519 666 1570; x_wconf 84' lang='lat' dir='ltr'>ingens</span> <span class='ocrx_word' id='word_1_142' title='bbox 687 1531 825 1557; x_wconf 79' lang='lat' dir='ltr'>vocare</span> <span class='ocrx_word' id='word_1_143' title='bbox 846 1524 1037 1566; x_wconf 86' lang='lat' dir='ltr'>senatum,</span> <span class='ocrx_word' id='word_1_144' title='bbox 1059 1519 1231 1558; x_wconf 74' lang='lat' dir='ltr'>referre4</span> <span class='ocrx_word' id='word_1_145' title='bbox 1251 1519 1299 1558; x_wconf 91' lang='lat' dir='ltr'>de</span> 
     </span>
     <span class='ocr_line' id='line_1_23' title="bbox 101 1582 1300 1635; baseline 0 -13"><span class='ocrx_word' id='word_1_146' title='bbox 101 1583 240 1635; x_wconf 86' lang='lat' dir='ltr'>legatis</span> <span class='ocrx_word' id='word_1_147' title='bbox 257 1583 306 1622; x_wconf 90' lang='lat' dir='ltr'>ad</span> <span class='ocrx_word' id='word_1_148' title='bbox 327 1582 396 1622; x_wconf 89' lang='lat' dir='ltr'>Cn.</span> <span class='ocrx_word' id='word_1_149' title='bbox 418 1583 610 1621; x_wconf 86' lang='lat' dir='ltr'>Marcium</span> <span class='ocrx_word' id='word_1_150' title='bbox 633 1582 839 1621; x_wconf 85' lang='lat' dir='ltr'>mittendis</span> <span class='ocrx_word' id='word_1_151' title='bbox 860 1583 996 1633; x_wconf 80' lang='lat' dir='ltr'>coegit.</span> <span class='ocrx_word' id='word_1_152' title='bbox 1036 1583 1148 1621; x_wconf 91' lang='lat' dir='ltr'>Missi</span> <span class='ocrx_word' id='word_1_153' title='bbox 1167 1584 1300 1634; x_wconf 85' lang='lat' dir='ltr'>itaque</span> 
     </span>
     <span class='ocr_line' id='line_1_24' title="bbox 104 1647 1301 1698; baseline -0.001 -11"><span class='ocrx_word' id='word_1_154' title='bbox 104 1647 153 1687; x_wconf 88' lang='lat' dir='ltr'>de</span> <span class='ocrx_word' id='word_1_155' title='bbox 192 1660 286 1698; x_wconf 85' lang='lat' dir='ltr'>pace</span> <span class='ocrx_word' id='word_1_156' title='bbox 325 1647 375 1686; x_wconf 85' lang='lat' dir='ltr'>ad</span> <span class='ocrx_word' id='word_1_157' title='bbox 409 1647 604 1686; x_wconf 84' lang='lat' dir='ltr'>Marcium</span> <span class='ocrx_word' id='word_1_158' title='bbox 643 1652 826 1685; x_wconf 81' lang='lat' dir='ltr'>oratores.</span> <span class='ocrx_word' id='word_1_159' title='bbox 903 1647 1034 1685; x_wconf 83' lang='lat' dir='ltr'>Atrox</span> <span class='ocrx_word' id='word_1_160' title='bbox 1071 1661 1301 1698; x_wconf 80' lang='lat' dir='ltr'>responsum</span> 
     </span>
     <span class='ocr_line' id='line_1_25' title="bbox 102 1711 1302 1764; baseline 0 -13"><span class='ocrx_word' id='word_1_161' title='bbox 102 1712 348 1761; x_wconf 81' lang='lat' dir='ltr'>retulerunt3</span> <span class='ocrx_word' id='word_1_162' title='bbox 376 1712 408 1750; x_wconf 92' lang='lat' dir='ltr'>si</span> <span class='ocrx_word' id='word_1_163' title='bbox 440 1711 593 1750; x_wconf 80' lang='lat' dir='ltr'>Volscis</span> <span class='ocrx_word' id='word_1_164' title='bbox 625 1725 716 1762; x_wconf 77' lang='lat' dir='ltr'>ager</span> <span class='ocrx_word' id='word_1_165' title='bbox 746 1711 987 1757; x_wconf 85' lang='lat' dir='ltr'>redderetur,</span> <span class='ocrx_word' id='word_1_166' title='bbox 1022 1725 1134 1762; x_wconf 90' lang='lat' dir='ltr'>posse</span> <span class='ocrx_word' id='word_1_167' title='bbox 1163 1713 1224 1764; x_wconf 78' lang='lat' dir='ltr'>agi</span> <span class='ocrx_word' id='word_1_168' title='bbox 1253 1713 1302 1751; x_wconf 88' lang='lat' dir='ltr'>de</span> 
     </span>
     <span class='ocr_line' id='line_1_26' title="bbox 103 1776 1301 1828; baseline 0 -13"><span class='ocrx_word' id='word_1_169' title='bbox 103 1789 225 1828; x_wconf 88' lang='lat' dir='ltr'>pace;</span> <span class='ocrx_word' id='word_1_170' title='bbox 272 1777 303 1815; x_wconf 94' lang='lat' dir='ltr'>si</span> <span class='ocrx_word' id='word_1_171' title='bbox 351 1776 498 1827; x_wconf 86' lang='lat' dir='ltr'>praeda</span> <span class='ocrx_word' id='word_1_172' title='bbox 536 1776 630 1815; x_wconf 91' lang='lat' dir='ltr'>belli</span> <span class='ocrx_word' id='word_1_173' title='bbox 668 1789 738 1827; x_wconf 83' lang='lat' dir='ltr'>per</span> <span class='ocrx_word' id='word_1_174' title='bbox 775 1776 901 1814; x_wconf 88' lang='lat' dir='ltr'>otium</span> <span class='ocrx_word' id='word_1_175' title='bbox 939 1776 1015 1814; x_wconf 89' lang='lat' dir='ltr'>srui</span> <span class='ocrx_word' id='word_1_176' title='bbox 1055 1777 1212 1824; x_wconf 81' lang='lat' dir='ltr'>vellent,</span> <span class='ocrx_word' id='word_1_177' title='bbox 1261 1790 1301 1815; x_wconf 92' lang='lat' dir='ltr'>se</span> 
     </span>
     <span class='ocr_line' id='line_1_27' title="bbox 102 1841 1300 1892; baseline -0.002 -11"><span class='ocrx_word' id='word_1_178' title='bbox 102 1842 303 1881; x_wconf 85' lang='lat' dir='ltr'>enisurum</span> <span class='ocrx_word' id='word_1_179' title='bbox 324 1847 370 1879; x_wconf 90' lang='lat' dir='ltr'>ut</span> <span class='ocrx_word' id='word_1_180' title='bbox 390 1847 598 1892; x_wconf 84' lang='lat' dir='ltr'>appareret</span> <span class='ocrx_word' id='word_1_181' title='bbox 611 1854 690 1878; x_wconf 87' lang='lat' dir='ltr'>non</span> <span class='ocrx_word' id='word_1_182' title='bbox 709 1841 874 1879; x_wconf 81' lang='lat' dir='ltr'>fractum</span> <span class='ocrx_word' id='word_1_183' title='bbox 893 1841 1012 1879; x_wconf 80' lang='lat' dir='ltr'>exilio</span> <span class='ocrx_word' id='word_1_184' title='bbox 1033 1841 1106 1879; x_wconf 86' lang='lat' dir='ltr'>sibi</span> <span class='ocrx_word' id='word_1_185' title='bbox 1128 1842 1300 1880; x_wconf 86' lang='lat' dir='ltr'>animum</span> 
     </span>
     <span class='ocr_line' id='line_1_28' title="bbox 103 1905 1303 1956; baseline 0 -12"><span class='ocrx_word' id='word_1_186' title='bbox 103 1918 194 1944; x_wconf 92' lang='lat' dir='ltr'>esse.</span> <span class='ocrx_word' id='word_1_187' title='bbox 254 1905 486 1944; x_wconf 85' lang='lat' dir='ltr'>Sacerdotes</span> <span class='ocrx_word' id='word_1_188' title='bbox 525 1918 683 1956; x_wconf 89' lang='lat' dir='ltr'>quoque</span> <span class='ocrx_word' id='word_1_189' title='bbox 713 1905 829 1943; x_wconf 71' lang='lat' dir='ltr'>ivisse</span> <span class='ocrx_word' id='word_1_190' title='bbox 868 1905 1062 1955; x_wconf 84' lang='lat' dir='ltr'>supplices</span> <span class='ocrx_word' id='word_1_191' title='bbox 1099 1906 1146 1944; x_wconf 86' lang='lat' dir='ltr'>ad</span> <span class='ocrx_word' id='word_1_192' title='bbox 1177 1913 1303 1944; x_wconf 82' lang='lat' dir='ltr'>castra</span> 
     </span>
     <span class='ocr_line' id='line_1_29' title="bbox 102 1969 1301 2020; baseline 0 -12"><span class='ocrx_word' id='word_1_193' title='bbox 102 1969 276 2009; x_wconf 85' lang='lat' dir='ltr'>hostium</span> <span class='ocrx_word' id='word_1_194' title='bbox 307 1970 498 2008; x_wconf 87' lang='lat' dir='ltr'>traditum</span> <span class='ocrx_word' id='word_1_195' title='bbox 526 1976 596 2015; x_wconf 88' lang='lat' dir='ltr'>est,</span> <span class='ocrx_word' id='word_1_196' title='bbox 619 1983 689 2008; x_wconf 88' lang='lat' dir='ltr'>nec</span> <span class='ocrx_word' id='word_1_197' title='bbox 718 1969 841 2020; x_wconf 87' lang='lat' dir='ltr'>magis</span> <span class='ocrx_word' id='word_1_198' title='bbox 871 1983 988 2020; x_wconf 84' lang='lat' dir='ltr'>quam</span> <span class='ocrx_word' id='word_1_199' title='bbox 1009 1969 1157 2020; x_wconf 72' lang='lat' dir='ltr'>legatos</span> <span class='ocrx_word' id='word_1_200' title='bbox 1178 1971 1301 2008; x_wconf 66' lang='lat' dir='ltr'>Marci</span> 
     </span>
     <span class='ocr_line' id='line_1_30' title="bbox 103 2034 461 2073; baseline 0.003 -1"><span class='ocrx_word' id='word_1_201' title='bbox 103 2034 276 2072; x_wconf 79' lang='lat' dir='ltr'>animum</span> <span class='ocrx_word' id='word_1_202' title='bbox 298 2035 461 2073; x_wconf 79' lang='lat' dir='ltr'>flexisse.</span> 
     </span>
    </p>
   </div>
  </div>
 </body>
</html>
