1438 2296
125 177 173 214 20
549 176 619 214 LE
623 176 804 215 GENDS
832 176 899 215 OF

123 278 249 317 lucem
268 284 335 318 est.
396 279 530 318 Prima
550 279 634 318 luce
652 279 733 330 jam
754 280 1037 319 circumvallati
1055 281 1104 320 ab
1123 280 1317 320 dictatore

123 348 245 392 erant,
286 350 326 382 et
367 345 437 382 vix
483 344 670 383 adversus
716 358 839 383 unum
878 346 1096 384 exercitum
1144 359 1318 396 pugnam

123 408 380 447 sustinebant.
459 409 560 447 Tum
608 409 752 456 hostes,
801 410 965 460 ancipiti
1003 410 1107 448 malo
1154 415 1318 461 urgente

123 487 146 511 a
182 473 331 523 proelio
381 473 431 511 ad
480 486 613 524 preces
651 473 768 520 versi,
807 473 899 512 hinc
942 473 1188 521 dictatorem,
1228 474 1318 512 hinc

124 538 322 576 consulem
343 539 482 584 orare,⁵
503 551 552 576 ne
579 538 620 575 in
650 538 850 577 occidione
878 538 1085 577 victoriam
1112 544 1316 589 ponerent,

124 608 168 640 ut
202 603 370 641 inermes
404 616 444 641 se
475 602 567 641 inde
601 603 707 641 abire
742 603 926 641 sinerent.
985 603 1167 642 Dictator
1205 604 1319 642 Grac-

125 667 238 705 chum
271 666 466 705 Cloelium
495 666 636 705 ducem
661 667 935 717 principesque
964 667 1060 706 alios
1089 668 1241 707 vinctos
1270 667 1319 706 ad

125 745 164 770 se
203 731 346 770 adduci
383 731 507 782 jubet.
584 731 716 782 Negat
761 745 802 770 se
846 732 1046 781 sanguinis
1088 733 1319 783 Aequorum

125 810 263 847 egere,
291 796 407 835 licere
436 797 542 835 abire
556 811 566 844 ;
595 796 663 834 sed
692 801 737 834 ut
771 797 1018 846 exprimatur
1046 796 1207 835 tandem
1234 811 1319 835 con-

124 861 240 900 fessio
297 861 501 899 subactam
558 860 828 911 domitamque
882 875 964 899 esse
1024 867 1195 912 gentem,
1248 862 1320 900 sub

121 926 290 976 jugum⁶
319 925 505 963 abituros.
564 924 708 963 Tribus
742 925 867 963 hastis
900 925 1039 977 jugum
1078 927 1132 972 fit,
1167 926 1320 965 duabus

126 990 235 1028 humi
278 989 378 1036 fixis,
419 1002 612 1040 superque
651 1002 715 1027 eas
757 1002 836 1027 una
873 995 1098 1029 transversa
1136 990 1316 1042 deligata.

126 1055 207 1093 Sub
227 1055 301 1093 hoc
317 1054 412 1105 jugo
434 1054 604 1092 dictator
624 1053 785 1104 Aequos
805 1054 922 1093 misit.

180 1119 328 1158 Castris
361 1119 536 1157 hostium
569 1118 736 1168 receptis
769 1118 896 1169 plenis
931 1119 1108 1158 omnium
1137 1133 1321 1159 rerum—

126 1184 252 1222 nudos
282 1183 388 1221 enim
418 1182 842 1232 emiserat—praedam
873 1196 1028 1222 omnem
1057 1198 1126 1223 suo
1164 1190 1321 1224 tantum

127 1248 244 1286 militi
282 1247 419 1295 dedit3
462 1247 707 1285 consularem
740 1247 957 1285 exercitum
990 1248 1198 1300 ipsumque
1236 1263 1322 1288 con-

127 1313 250 1351 sulem
271 1313 478 1362 increpans
494 1326 503 1359 3
535 1311 769 1359 “Ca1·ebis,”
799 1312 939 1362 inquit,
964 1313 1168 1363 “praedae
1198 1322 1319 1365 parte,

127 1377 249 1424 miles,
290 1390 338 1415 ex
377 1389 421 1414 eo
461 1376 573 1414 hoste
612 1376 673 1414 cui
713 1389 834 1427 prope
873 1377 1069 1427 praedae⁷
1107 1378 1243 1417 fuisti:
1282 1385 1322 1418 et

128 1447 182 1490 tu,
218 1441 261 1480 L.
303 1441 465 1488 Minuci,
503 1440 626 1479 donec
664 1440 908 1479 consularem
946 1441 1122 1480 animum
1159 1442 1322 1494 incipias

128 1507 282 1552 habere,
332 1506 485 1556 legatus
533 1504 593 1542 his
646 1504 865 1555 legionibus
911 1506 1118 1556 praeeris.”
1173 1507 1236 1546 Ita
1281 1522 1321 1547 se

130 1571 328 1609 Minucius
358 1570 514 1608 abdicat
545 1569 762 1617 consulatu,
787 1570 998 1620 jussusque
1027 1571 1077 1609 ad
1106 1572 1322 1611 exercitum

128 1641 269 1674 manet.
331 1635 478 1673 Romae
509 1640 668 1673 senatus
695 1648 716 1672 a
744 1634 785 1682 Q.
818 1634 951 1682 Fabio,
978 1636 1175 1686 praefecto
1202 1637 1319 1685 urbis,

128 1701 313 1739 habitus8
357 1699 670 1750 triumphantem
714 1699 944 1747 Quinctium
985 1701 1122 1739 urbem
1168 1701 1321 1753 ingredi

123 1766 253 1816 jussit.
313 1764 434 1802 Ducti
465 1770 555 1802 ante
584 1777 740 1802 currum
772 1764 944 1802 hostium
973 1764 1100 1813 duces,
1137 1765 1322 1805 militaria

128 1831 240 1881 signa
286 1829 470 1881 praelata,
511 1834 667 1867 secutus
714 1829 908 1867 exercitus
955 1830 1099 1880 praeda
1145 1840 1318 1870 onustus.

130 1895 278 1946 Epulac
299 1895 513 1932 instructae
544 1907 625 1931 esse
655 1893 840 1932 dicuntur
861 1899 950 1932 ante
976 1895 1151 1933 omnium
1172 1895 1318 1943 domos,

129 1960 411 2011 elmlantessplc
441 1972 528 1997 cnm
556 1958 726 1997 carmine
757 1958 987 2008 triumphali
1015 1973 1171 1998 currum
1197 1962 1320 1999 secuti

128 2030 230 2062 sunt.
290 2023 497 2072 Quinctius
531 2029 643 2061 sexto
682 2022 834 2061 decimo
864 2022 927 2061 die
954 2023 1150 2062 dictatura
1180 2025 1218 2062 in
1253 2038 1321 2063 sex

129 2103 281 2128 menses
301 2095 460 2139 accepta
480 2101 519 2125 se
541 2088 748 2126 abdicavit.
