1438 2296
131 167 179 203 24
555 165 626 203 LE
630 164 698 203 GE
701 164 811 203 NDS
839 164 907 204 OF

130 267 234 306 sulto
255 267 492 318 decretoque
512 268 648 318 populi
677 267 926 318 triumphans
955 267 997 305 in
1025 267 1163 305 urbem
1192 266 1320 305 rediti-

130 331 263 383 Longe
292 333 510 370 maximum
542 332 736 382 triumphi
765 331 1031 385 spectaculum
1060 332 1137 369 fuit
1166 331 1322 382 Cossus,

128 396 252 446 spolia
273 397 403 447 opima
418 397 433 421 9
453 397 555 447 regis
575 396 773 435 interfecti
795 410 943 446 gerens
994 396 1041 434 In
1062 409 1152 434 eum
1178 395 1323 433 milites

128 461 302 499 carmina
330 461 534 499 incondita
560 474 647 498 cum
675 461 846 499 Romulo
875 466 1088 511 aequantes
1117 460 1321 499 canebant.

127 525 262 575 Spolia
294 526 336 563 in
370 525 466 564 aede
495 525 610 564 Jovis
643 525 810 563 Feretrii
839 539 960 576 prope
992 525 1149 563 Romuli
1183 524 1320 574 spolia,

127 603 226 640 quae
248 589 376 640 prima
396 590 528 640 opima
552 589 751 640 appellata
771 595 894 637 erant,
917 602 1005 627 cum
1031 588 1196 627 solemni
1216 588 1324 626 dedi—

127 654 281 692 catione
310 654 422 702 fixit3
465 659 740 704 averteratque
778 653 818 691 in
849 667 889 691 se
920 667 942 691 a
974 666 1090 692 curru
1118 652 1322 691 dictatoris

126 718 273 756 civium
293 731 371 766 ora,
395 723 435 756 et
455 718 540 768 ejus
561 717 639 756 diei
659 717 824 768 gloriam
845 731 966 768 prope
986 717 1091 756 solus
1111 717 1266 756 tulerat.

179 871 250 910 XI.
282 871 377 910 ΤΗΕ
407 871 640 910 PROPHECY
671 881 811 909 ABOUT
838 881 922 909 THE
951 871 1102 909 ALBAN
1132 870 1265 908 LAKE.

632 962 709 990 Ro.
733 953 820 990 397.

123 1039 215 1077 JAM
261 1038 432 1077 Romani
471 1038 742 1089 Veientesque
789 1038 831 1076 in
879 1038 997 1076 armis
1044 1044 1168 1086 erant,
1209 1043 1321 1077 tanta

123 1103 182 1141 ira
201 1103 371 1153 odioque
390 1108 436 1141 ut
456 1103 572 1140 victis
601 1103 719 1141 finem
749 1102 883 1141 adesse
913 1108 1130 1153 appareret.
1189 1102 1321 1151 Quum

122 1181 210 1218 spes
230 1169 356 1219 major
376 1168 680 1218 imperatoribus
702 1168 890 1206 Romanis
914 1168 956 1205 in
976 1167 1181 1206 obsidione
1202 1181 1320 1218 quam

122 1234 163 1272 in
197 1233 493 1284 oppugnatione
527 1238 640 1279 esset,
672 1232 928 1271 hibernacula
961 1232 1092 1277 etiam,
1123 1245 1184 1270 res
1218 1245 1321 1271 nova

122 1298 240 1336 militi
270 1297 461 1344 Romano,
493 1297 691 1336 aedificari
721 1302 860 1347 coepta
888 1298 1009 1344 suut,1
1033 1297 1320 1348 consiliumque

124 1368 208 1401 erat
231 1362 446 1400 hiemando
471 1362 704 1400 continuare
729 1361 886 1400 bellum.
947 1361 1135 1413 Prodigia
1160 1362 1320 1401 interim

122 1427 249 1465 multa
267 1427 452 1465 nuntiata
471 1435 575 1472 sunt,
597 1439 766 1477 quorum
787 1426 972 1477 pleraque
992 1439 1133 1476 parum
1153 1427 1318 1474 credita3

122 1492 163 1530 in
192 1505 317 1530 unum
347 1505 461 1530 curae
491 1492 668 1530 omnium
697 1505 832 1530 versae
866 1497 971 1538 sunt,
1002 1491 1108 1542 quod
1142 1491 1250 1530 lacus
1278 1492 1319 1530 in

122 1557 280 1595 Albano
314 1570 475 1595 nemore
506 1557 589 1595 sine
619 1556 711 1594 ullis
740 1557 972 1595 caelestibus
1001 1557 1122 1607 aquis
1155 1570 1320 1596 causave

126 1636 204 1672 qua
222 1622 310 1670 alia,
332 1635 432 1672 quae
462 1634 545 1660 rem
573 1621 762 1660 miraculo
782 1621 984 1666 eximeret,
1007 1621 1048 1660 in
1064 1621 1317 1661 altitudinem

122 1687 320 1725 insolitam
355 1686 488 1724 crevit.
548 1686 733 1725 Oratores
767 1686 817 1725 ad
850 1686 1051 1725 oraculum
1080 1687 1318 1737 Delphicum

121 1751 231 1790 missi
260 1757 443 1801 rogatum
465 1750 655 1801 quidnam
677 1764 721 1789 eo
747 1751 926 1802 prodigio
953 1751 993 1789 di
1021 1752 1315 1802 portenderent.

123 1815 200 1854 Sed
238 1816 399 1866 propior
436 1815 630 1866 interpres
663 1815 756 1853 fatis
787 1815 942 1854 oblatus
976 1822 1046 1862 est,
1078 1817 1208 1855 senior
1236 1817 1319 1868 qui-

121 1879 213 1918 dam
241 1881 400 1925 Veiens,
432 1880 499 1930 qui
531 1880 634 1918 inter
668 1880 895 1919 cavillantes
930 1880 971 1918 in
1004 1881 1241 1920 stationibus
1275 1895 1319 1920 ac

122 1945 310 1984 custodiis
339 1944 485 1983 milites
510 1944 710 1983 Romanos
730 1945 992 1996 Etruscosque
1022 1946 1174 1994 cecinit,
1196 1947 1319 1997 prius-

122 2023 239 2060 quam
275 2023 324 2047 ex
358 2009 442 2047 lacu
478 2009 634 2047 Albano
668 2023 770 2060 aqua
798 2010 940 2048 emissa
971 2010 1084 2057 foret,
1116 2024 1314 2062 nunquam

123 2075 320 2124 potituros
342 2074 435 2111 Veis
456 2073 665 2112 Romanos.
726 2074 837 2122 Quod
859 2075 985 2125 primo
1006 2075 1148 2125 sperni,
1172 2075 1315 2114 deinde
