1438 2296
502 137 540 175 A
547 136 644 175 ΝΟ]
644 137 679 175 Ε
681 137 758 176 NT
783 137 901 176 ROM
899 138 942 176 E.
1272 143 1320 179 23

127 239 311 290 corporis,
347 240 479 278 animo
513 253 555 279 ac
589 240 740 278 viribus
778 253 858 292 par²
893 253 1121 292 memorque
1154 243 1319 293 generis,

126 303 234 354 quod
253 304 541 355 amplissimum
567 311 771 355 acceptum
797 304 924 355 majus
948 305 1111 356 reliquit
1138 307 1315 356 posteris

127 366 167 406 Is
191 381 314 419 quum
333 368 385 407 ad
412 369 605 419 impetum
625 368 826 408 Tolumnii
856 368 1102 419 trepidantes
1122 370 1318 409 Romanas

125 436 275 471 turmas
303 433 468 480 videret,
498 433 770 484 insignemque
800 446 890 472 eum
927 434 1034 485 regio
1062 433 1202 473 habitu
1234 440 1318 474 tota

124 496 206 535 acie
243 496 478 535 volitantem
515 503 749 549 cognosset;
797 497 1002 536 “Hiccine
1040 497 1135 545 est‚''
1173 498 1314 549 inquit,

126 563 304 612 “ruptor
328 561 498 600 foederis
526 561 689 600 humani
716 561 961 613 violatorque
976 562 1080 612 juris
1102 563 1318 613 gentium3³

121 625 203 676 jam
241 639 314 677 ego
351 626 452 665 hanc
485 632 697 665 mactatam
727 626 940 673 victimam,
970 626 1003 664 si
1036 627 1153 665 modo
1192 628 1313 666 sancti

91 681 96 684 ¹
121 689 339 741 quidquam
368 691 409 729 in
439 691 556 729 terris
585 703 668 729 esse
698 691 739 729 di
768 690 921 736 volunt,
943 690 1163 742 legatorum
1189 691 1314 730 Mani-

121 754 194 793 bus
227 755 363 794 dabo.'’
424 755 652 794 Calcaribus
690 755 861 794 subditis
898 755 1043 794 infesto
1075 755 1236 806 cuspide
1273 757 1313 794 in

120 831 245 858 unum
278 820 405 858 fertur
433 819 600 858 hostem.
657 819 783 868 Quem
812 833 935 870 quum
965 832 1064 870 equo
1093 819 1311 870 dejecisset,

119 884 324 922 confestim
365 891 405 923 et
446 885 530 935 ipse
572 884 686 923 hasta
728 884 890 922 innixus
933 897 973 923 se
1010 885 1050 922 in
1095 884 1214 935 pedes
1251 899 1313 924 ex-

118 949 231 999 cepit.
299 948 592 1000 Adsurgentem
623 949 678 987 ibi
707 962 840 1000 regem
881 948 1052 987 umbone
1097 950 1308 1000 resupinat,

118 1014 411 1064 repetitumque
430 1013 585 1064 saepius
606 1013 765 1064 cuspide
782 1013 831 1052 ad
852 1019 996 1052 terram
1013 1013 1163 1052 adfixit.
1210 1013 1312 1052 Tum

117 1078 309 1129 exsangui
355 1078 533 1117 detracta
566 1084 659 1116 sunt
692 1077 838 1128 spolia;
882 1083 1076 1128 caputque
1118 1078 1310 1116 abscisum

117 1142 244 1182 victor
269 1142 419 1193 spiculo
445 1155 585 1194 gerens
610 1148 760 1181 terrore
784 1142 885 1181 caesi
910 1143 1012 1193 regis
1037 1141 1169 1180 hostes
1191 1142 1306 1183 fudit.

116 1206 179 1246 Ita
216 1207 395 1258 equitum
434 1220 591 1258 quoque
633 1207 718 1245 fusa
756 1206 870 1253 acies,
909 1219 1009 1257 quae
1051 1220 1130 1245 una
1165 1207 1309 1246 fecerat

115 1284 257 1323 anceps
287 1277 496 1311 certamen.
554 1271 738 1310 Dictator
756 1271 978 1322 legionibus
1004 1271 1150 1321 fugatis
1173 1271 1306 1318 instat,

114 1340 156 1374 et
183 1335 233 1374 ad
262 1342 389 1375 castra
417 1335 638 1386 compulsos
667 1335 805 1374 caedit.
864 1334 1116 1374 Fidenatium
1146 1335 1306 1386 plurimi

114 1398 288 1439 locorum
309 1401 452 1439 notitia
473 1401 643 1451 effugere
672 1400 713 1438 in
742 1405 906 1438 montes.
966 1399 1110 1438 Cossus
1130 1399 1305 1439 Tiberim

113 1477 203 1503 cum
222 1465 403 1516 equitatu
422 1471 668 1503 transvectus
688 1477 736 1503 ex
757 1477 851 1516 agro
864 1463 1086 1503 Veientano
1105 1464 1304 1515 ingentem

112 1529 299 1581 praedam
333 1529 383 1568 ad
416 1529 553 1568 urbem
589 1528 742 1567 detulit.
807 1528 919 1567 Inter
950 1528 1143 1579 proelium
1176 1534 1217 1568 et
1253 1529 1302 1568 ad

112 1599 239 1633 castra
267 1594 447 1633 Romana
475 1599 695 1645 pugnatum
720 1599 779 1631 est
807 1593 995 1632 adversus
1023 1599 1177 1644 partem
1201 1594 1304 1645 copi-

110 1646 229 1697 arum
256 1659 306 1698 ab
338 1658 560 1702 Tolumnio,
596 1663 641 1696 ut
678 1663 769 1696 ante
800 1657 951 1695 dictum
989 1663 1060 1703 est,
1090 1657 1139 1695 ad
1177 1663 1303 1696 castra

110 1723 280 1762 missam.
338 1723 484 1762 Fabius
515 1722 734 1761 Vibulanus
763 1721 910 1760 vallum
940 1721 1128 1769 defendit,
1159 1721 1301 1761 deinde

109 1792 225 1839 porta
251 1787 459 1838 principali
489 1787 629 1825 dextra
659 1800 746 1824 cum
775 1786 922 1824 triariis
952 1798 1141 1836 egressus,
1168 1785 1300 1824 hostes

109 1852 149 1891 in
169 1851 318 1890 vallum
337 1852 512 1891 intentos
541 1857 702 1901 repente
731 1850 896 1889 invadit.
955 1850 1041 1898 Quo
1070 1863 1215 1901 pavore
1244 1850 1299 1889 in—

103 1917 212 1968 jecto
245 1916 382 1956 caedes
409 1917 549 1960 minor,
581 1916 673 1966 quia
710 1915 912 1966 pauciores
941 1920 1066 1962 erant,
1095 1915 1190 1966 fuga
1217 1928 1296 1954 non

106 1981 238 2021 minus
255 1981 412 2032 trepida
430 1994 547 2032 quam
569 1980 608 2018 in
630 1980 709 2018 acie
729 1980 813 2018 fuit.

161 2046 355 2085 Omnibus
381 2045 475 2084 locis
500 2059 540 2083 re
567 2045 665 2083 bene
690 2050 811 2096 gesta,
833 2044 1004 2084 dictator
1027 2050 1186 2083 senatus
1210 2057 1297 2083 con-
