1438 2296
473 126 510 165 A
516 125 728 164 NCIENT
755 124 870 163 ROM
870 125 913 163 E.
1245 126 1260 162 l
1269 127 1290 161 5

100 230 293 270 cedebant
320 230 362 269 in
391 229 527 269 urbem
547 245 555 272 ;
583 229 652 268 ubi
673 228 862 268 abductas
882 233 1088 267 senserant
1107 228 1291 279 legiones,

100 308 214 347 agros
231 294 495 343 incursabant.
555 293 619 332 Ita
637 306 765 344 neque
785 293 918 332 omitti
940 305 1000 331 res
1021 305 1148 343 neque
1161 292 1293 343 perfici

99 364 265 411 poterat.

153 423 256 462 Tum
287 422 409 461 Fabia
438 435 534 473 gens
562 426 742 460 senatum
771 421 882 468 adit;
915 420 1049 459 consul
1078 434 1149 472 pro
1177 425 1293 471 gente

101 487 279 539 loquitur
294 491 382 525 :—“
395 486 568 525 Assiduo
589 485 713 536 magis
732 499 849 536 quam
870 499 1012 536 magno
1028 485 1233 536 praesidio,
1250 490 1296 523 ut

101 551 222 599 scitis,
256 556 388 602 patres
421 550 660 600 conscripti,1
694 549 840 588 bellum
875 549 1020 588 Veiens
1053 555 1152 600 eget.
1211 551 1295 588 Vos

102 615 179 654 alia
198 615 300 654 bella
319 620 464 659 curate,
487 614 630 652 Fabios
660 613 792 652 hostes
821 613 1056 652 Veientibus
1079 613 1181 652 date.
1231 614 1296 652 Sic

69 699 74 702 ·
103 684 192 719 tuta
210 679 395 729 majestas
416 678 584 717 Romani
606 678 775 716 nominis
795 678 881 716 erit.
918 677 965 716 Id
981 677 1091 716 velut
1107 678 1296 717 familiare

107 742 256 782 bellum
289 743 446 794 privato
475 747 637 792 sumptu
665 755 799 792 gerere
829 742 942 780 nobis
971 742 1012 780 in
1041 742 1172 781 animo
1203 743 1294 781 est.”

104 807 268 847 Gratiae
286 807 469 858 ingentes
488 811 608 845 actae.
662 805 810 845 Consul
825 819 845 845 e
865 807 972 845 curia
988 820 1162 858 egressus
1182 807 1297 846 comi-

104 877 215 911 tante
260 871 474 910 Fabiorum
521 870 687 922 agmine,
737 870 805 921 qui
851 870 892 908 in
931 871 1126 909 vestibulo
1168 871 1297 911 curiae

105 940 266 975 senatus
312 934 536 974 consultum
582 939 837 985 expectantes
885 940 1090 982 steterant,
1135 935 1297 974 domum

105 999 235 1039 rediit.
290 999 400 1038 Jussi
434 999 574 1037 armati
608 1005 764 1049 postero
803 998 866 1038 die
896 998 945 1037 ad
978 998 1098 1038 limen
1127 1000 1298 1039 consulis

106 1063 250 1103 adesse.
309 1063 458 1102 Domos
479 1063 571 1101 inde
592 1062 810 1102 discedunt.

158 1127 271 1167 Fabii
303 1132 459 1178 postero
493 1127 556 1165 die
587 1141 694 1165 arma
726 1127 913 1177 capiunt3
942 1141 1020 1178 quo
1052 1127 1153 1178 jussi
1187 1135 1299 1168 erant

106 1191 357 1232 conveniunt.
415 1191 563 1230 Consul
584 1191 795 1241 paludatus
815 1191 1019 1242 egrediens
1042 1192 1083 1230 in
1104 1193 1298 1232 vestibulo

107 1262 265 1308 gentem
285 1269 439 1295 omnem
456 1269 566 1294 suam
580 1255 773 1293 instructo
789 1256 945 1306 agmine
960 1256 1093 1302 videt;
1117 1264 1299 1308 acceptus

107 1321 149 1360 in
186 1320 360 1359 medium
398 1320 511 1371 signa
549 1319 641 1357 ferri
680 1320 802 1370 jubet.
862 1319 1074 1371 Nunquam
1105 1323 1300 1361 exercitus

107 1398 236 1436 neque
266 1385 395 1423 minor
426 1397 588 1423 numero
620 1397 747 1434 neque
779 1384 919 1423 clarior
949 1385 1053 1423 fama
1087 1391 1126 1424 et
1159 1386 1300 1425 admir-

109 1450 239 1489 atione
269 1448 475 1487 hominum
496 1461 566 1498 per
585 1448 722 1486 urbem
744 1448 913 1487 incessit.
973 1449 1052 1488 Sex
1073 1455 1112 1488 et
1132 1451 1299 1489 trecenti

108 1513 264 1560 milites,
305 1526 475 1563 quorum
513 1512 710 1551 neminem
745 1512 888 1550 ducem
926 1526 1141 1564 sperneres,
1175 1514 1298 1563 ibant,

109 1577 227 1617 unius
255 1576 426 1615 familiae
456 1576 606 1614 viribus
635 1576 795 1615 Veienti
824 1577 970 1627 populo
1009 1583 1159 1628 pestem
1190 1579 1301 1618 mini-

109 1644 251 1678 tantes.
309 1638 462 1687 Quibus
496 1638 736 1689 Capitolium
770 1652 977 1689 arcemque
997 1645 1037 1677 et
1057 1639 1134 1677 alia
1154 1641 1302 1691 templa

110 1703 464 1756 praetereuntibus,
499 1716 642 1754 magna
674 1703 920 1753 sequentium
952 1703 1069 1742 turba
1096 1703 1190 1743 deos
1220 1719 1302 1756 pre-

110 1774 222 1808 catur
253 1774 299 1806 ut
330 1767 427 1806 illud
467 1781 606 1819 agmen
636 1767 809 1806 faustum
849 1773 966 1818 atque
998 1768 1091 1806 felix
1126 1770 1299 1818 mittant,

110 1833 275 1884 sospites
317 1833 426 1872 brevi
474 1833 515 1870 in
554 1833 718 1882 patriam
758 1832 808 1870 ad
852 1839 1033 1883 parentes
1077 1835 1298 1873 restituant.

110 1897 311 1937 Incassum
340 1897 480 1936 missae
508 1910 652 1948 preces.
712 1896 863 1936 Infelici
898 1897 971 1943 via,
1002 1897 1143 1937 dextro
1170 1898 1303 1937 Jano2

109 1968 248 2014 portae
283 1961 545 2001 Carmentalis
587 1961 764 2012 profecti,
805 1961 854 2000 ad
893 1962 1117 2001 Cremeram
1157 1964 1301 2002 flumen

112 2026 356 2078 perveniunt.
417 2025 457 2064 Is
477 2032 723 2076 opportunus
749 2025 856 2064 locus
877 2027 1176 2065 communiendo
1198 2041 1301 2078 prac-

111 2091 211 2130 sidio
230 2092 336 2130 vien<
358 2098 424 2130 est.
