1438 2296
133 127 181 162 40
557 128 626 165 LE
631 128 699 166 GE
702 129 812 166 NJAE
842 129 908 167 OF

132 228 355 278 vigiliisque
375 229 510 276 fessus
529 230 631 268 fame
652 230 790 277 victus,
810 244 877 282 spe
898 237 1096 281 postremo
1112 231 1329 278 deficiente,

131 298 170 330 et
199 293 317 331 armis
346 293 502 331 infirma
531 307 694 345 corpora
722 308 844 346 prope
865 296 1136 343 obruentibus,
1158 296 1219 334 vel
1238 296 1331 335 dedi

130 356 193 394 vel
227 356 365 395 redimi
396 371 435 395 se
462 357 590 406 jussit.
651 358 753 396 Tum
781 365 940 397 senatus
974 359 1145 407 habitus,
1178 360 1329 399 tribun-

131 420 241 470 isque
288 421 461 459 militum
509 423 713 473 negotium
760 423 899 462 datum
946 429 991 462 ut
1029 424 1327 474 paciscerentur.

130 484 229 524 Inde
258 486 362 524 inter
391 487 434 533 Q.
459 486 675 537 Sulpicium
706 488 911 525 tribunum
940 488 1122 535 militum,
1144 493 1185 527 et
1212 488 1331 527 Bren-

130 563 224 588 num
254 551 435 601 regulum
465 550 670 589 Gallorum
698 552 892 602 colloquio
913 558 1112 591 transacta
1132 566 1192 591 res
1212 559 1272 591 est
1291 559 1330 591 et

131 614 237 653 mille
259 615 390 665 pondo
403 616 418 639 5
439 616 521 653 auri
545 616 716 666 pretium
738 617 875 666 populi
894 617 1055 658 factum.
1115 617 1187 656 Rei
1202 631 1272 668 per
1290 631 1330 656 se

130 679 379 718 foedissimae
411 679 563 729 adjecta
593 686 652 718 est
681 680 922 731 indignitas5
951 681 1126 731 pondera
1155 695 1177 720 a
1206 682 1330 720 Gallis

131 743 250 782 allata
270 744 416 794 iniqua,
435 749 474 782 et
490 744 651 782 tribuno
668 753 885 795 recusante,
903 745 1058 796 gladius
1079 746 1128 784 ab
1144 745 1329 784 insolenti

131 808 246 847 Gallo
274 808 441 858 ponderi
472 808 642 856 additus,
666 808 879 859 auditaque
910 823 955 847 ea
975 824 1053 847 vox
1082 810 1331 849 intoleranda

130 872 330 913 Romanis.
357 884 377 893 ⁶·
394 873 476 910 Vae
497 873 611 910 victis
630 876 636 910 ἓ
653 873 671 890 ’²

186 937 264 976 Sed
284 937 403 987 dique
425 943 464 975 et
485 936 663 975 homines
684 937 921 987 prohibuere
942 938 1169 989 redemptos
1197 939 1330 978 vivere

130 1002 343 1043 Romanos.
422 1001 525 1040 Nam
564 1002 677 1048 forte,
719 1002 947 1053 priusquam
986 1002 1149 1041 infanda
1185 1017 1330 1042 merces

131 1067 392 1118 perficeretur7
416 1065 588 1103 dictator
616 1066 841 1113 intervenit,
865 1066 1088 1117 auferrique
1117 1080 1255 1106 aurum
1281 1068 1329 1107 de

129 1131 270 1177 medio,
302 1136 342 1169 et
371 1130 507 1169 Gallos
537 1131 761 1169 submoveri
788 1131 914 1181 jubet.
983 1132 1115 1180 Quum
1145 1132 1202 1170 illi
1232 1134 1330 1171 reni-

129 1201 257 1234 tentes
296 1201 432 1246 pactos
471 1195 650 1234 dicerent
688 1208 784 1242 esse,
823 1201 942 1247 negat-
980 1209 1066 1259 eagn
1108 1197 1329 1248 pactionem

129 1265 255 1299 ratam
285 1274 377 1307 esse,
401 1273 501 1310 quae
520 1265 732 1311 postquam
751 1260 835 1311 ipse
856 1260 1027 1299 dictator
1046 1267 1200 1300 creatus
1228 1268 1330 1302 esset

128 1325 283 1376 injussu
307 1338 376 1363 suo
397 1326 499 1363 facta
528 1323 656 1364 esset:
687 1325 976 1376 denuntiatque
1006 1326 1132 1364 Gallis
1156 1332 1201 1365 ut
1219 1340 1260 1366 se
1279 1327 1329 1366 ad

127 1391 322 1442 proelium
351 1390 577 1441 expediant.
638 1391 739 1428 Suos
769 1404 876 1429 arma
895 1396 1030 1441 aptare
1051 1392 1231 1442 ferroque
1250 1405 1328 1431 non

125 1467 223 1494 auro
242 1468 473 1506 recuperare
493 1455 663 1506 patriam
679 1455 801 1505 jubet.
862 1456 1030 1494 Instruit
1051 1456 1193 1495 deinde
1208 1457 1329 1496 aciem

127 1520 167 1558 in
198 1521 409 1559 semirutae
432 1519 515 1558 solo
535 1520 657 1567 urbis,
681 1526 720 1557 et
741 1521 873 1559 omnia
893 1534 993 1571 quae
1013 1527 1098 1559 arte
1128 1521 1219 1560 belli
1249 1522 1330 1560 suis

127 1585 297 1623 secunda
317 1585 447 1636 parari
467 1591 653 1635 poterant
674 1585 866 1635 providet.
927 1584 1030 1623 Galli
1053 1599 1155 1624 nova
1185 1599 1226 1625 re
1255 1592 1330 1626 tre-

126 1650 209 1701 pidi
248 1663 356 1688 arma
395 1650 567 1700 capiunt,
607 1649 743 1700 iraque
778 1650 902 1701 magis
937 1663 1053 1701 quam
1088 1650 1250 1690 consilio
1287 1652 1328 1690 in

127 1715 326 1753 Romanos
370 1715 590 1753 incurrunt.
666 1715 759 1753 Jam
798 1722 971 1754 verterat
983 1719 999 1739 ⁰
1038 1716 1208 1763 fortuna,
1244 1716 1328 1766 jam

124 1779 289 1818 deorum
319 1793 412 1830 opes
442 1779 694 1830 humanaque
723 1779 886 1818 consilia
915 1793 997 1818 rem
1023 1780 1243 1819 Romanam
1264 1781 1330 1820 ad-

122 1844 327 1896 juvabant.
389 1844 518 1895 Igitur
552 1844 678 1895 primo
710 1858 902 1883 concursu
927 1844 1034 1883 haud
1068 1845 1216 1897 majore
1250 1859 1328 1885 mo-

123 1915 258 1948 mento
287 1909 363 1948 fusi
393 1915 486 1947 sunt
518 1909 622 1947 Galli
652 1922 770 1960 quam
801 1923 879 1960 quo
900 1909 947 1948 ad
969 1909 1116 1948 Alliam
1137 1911 1323 1950 vicerant.

122 1974 299 2013 Justiore
333 1974 458 2013 altero
492 1974 635 2013 deinde
671 1974 819 2025 proelio
853 1974 902 2013 ad
937 1982 1119 2015 octavum
1154 1975 1326 2027 lapidem

123 2040 276 2079 Gabina
293 2039 366 2085 via,
391 2052 469 2090 quo
486 2052 524 2078 se
546 2052 595 2078 ex
617 2040 708 2091 fuga
729 2039 991 2086 contulerant,
1009 2039 1131 2080 ductu
1145 2040 1321 2092 ejusdem
