1438 2296
107 162 155 198 30
533 162 789 201 LE'GENDS
818 163 883 201 OF

106 266 367 305 humanarum
406 270 557 305 eertum
596 271 667 315 est,
709 266 794 317 capi
833 267 960 305 Roma
993 280 1073 306 non
1103 272 1300 319 potuerat,

104 330 224 382 legati
249 331 298 370 ab
328 331 500 370 Clusinis
530 331 698 369 veniunt
728 331 920 370 auxilium
950 331 1138 371 adversus
1167 332 1303 372 Gallos

105 401 293 447 petentes.
359 396 417 435 Ea
473 409 568 447 gens
634 396 810 434 traditur
866 396 1075 435 dulcedine
1131 397 1302 448 frugum,

104 461 354 511 maximeque
391 461 486 507 vini,
528 474 632 499 nova
662 466 749 499 tum
780 460 997 510 voluptate,
1031 466 1145 512 capta
1181 462 1304 512 Alpes

106 526 292 564 transisse
313 539 502 576 agrosque
523 525 572 564 ab
593 525 768 563 Etruscis
789 530 880 564 ante
897 525 1022 564 cultos
1042 527 1300 577 occupavisse.

106 590 270 638 Clusini,
310 604 413 629 novo
447 590 550 628 bello
594 590 784 637 exterriti,
825 603 948 640 quum
990 590 1301 640 multitudinem,

106 666 227 703 quum
243 652 387 691 formas
402 652 609 690 hominum
628 652 853 690 invisitatas
873 658 1089 698 cernerent,
1106 652 1305 691 audirent-

107 729 182 766 que
213 729 326 766 saepe
355 716 404 754 ab
434 716 481 754 iis
512 716 565 754 cis
595 721 634 754 et
658 716 764 754 ultra
794 716 948 755 Padum
977 717 1150 768 legiones
1171 717 1304 756 Etrus-

107 794 240 820 corum
260 781 376 828 fusas,
396 794 635 831 quamquam
657 781 846 819 adversus
868 782 1067 820 Romanos
1087 781 1241 820 nullum
1257 782 1305 820 iis

104 845 167 896 jus
201 845 398 884 societatis
432 846 679 884 amicitiaeve
712 851 808 893 erat,
839 846 990 897 legatos
1019 846 1198 894 Romam,
1234 847 1303 897 qui

107 911 297 950 auxilium
337 911 385 949 ab
424 916 563 949 senatu
602 916 793 961 peterent,
834 911 984 950 misere.
1059 911 1120 950 De
1154 912 1304 951 auxilio

107 975 207 1014 nihil
245 975 502 1026 impetratum
520 990 530 1023 3
577 974 697 1026 legati
743 975 801 1013 M.
849 975 964 1013 Fabii
1004 976 1191 1014 Ambusti
1230 977 1302 1015 filii

107 1040 226 1087 missi,
242 1040 308 1091 qui
321 1039 481 1078 nomine
495 1045 655 1078 senatus
668 1039 883 1090 populique
897 1040 1066 1078 Romani
1079 1053 1166 1078 cum
1179 1039 1304 1079 Gallis

108 1110 280 1156 agerent,
302 1117 350 1142 ne
372 1104 496 1142 socios
518 1103 652 1154 populi
675 1103 844 1142 Romani
865 1110 984 1155 atque
1000 1105 1144 1143 amicos
1158 1119 1304 1157 oppug-

107 1175 256 1207 narent.
326 1169 514 1207 Romanis
535 1182 611 1215 eos,
644 1169 676 1207 si
705 1182 766 1207 res
796 1175 962 1220 cogeret,
998 1169 1168 1208 tuendos
1198 1183 1304 1218 esse;

107 1234 176 1273 sed
197 1233 336 1272 melius
355 1233 484 1271 visum
501 1247 583 1272 esse
603 1233 751 1272 bellum
765 1234 895 1284 ipsum
909 1234 1094 1282 amoveri,
1112 1235 1144 1272 si
1160 1240 1301 1285 posset,

108 1304 148 1338 et
176 1299 322 1346 Gallos,
344 1311 487 1336 novam
516 1303 686 1349 gentem,
709 1311 803 1348 pace
834 1299 965 1349 potius
985 1299 1165 1350 cognosci
1186 1312 1305 1350 quam

108 1364 236 1403 armis.

160 1429 273 1467 Mitis
294 1442 339 1467 ea
357 1427 514 1479 legatio,
536 1428 578 1466 ni
599 1427 746 1466 feroces
770 1427 933 1478 legatos,
956 1427 1160 1479 Gallisque
1181 1429 1304 1480 magis

107 1508 224 1545 quam
255 1493 442 1531 Romanis
462 1493 608 1531 similes
628 1492 842 1531 habuisset.
904 1492 1068 1541 Quibus
1094 1499 1305 1544 postquam

107 1558 295 1596 mandata
323 1557 535 1596 ediderunt
563 1557 604 1595 in
625 1557 790 1595 concilio
818 1556 1034 1604 Gallorum,
1057 1557 1129 1596 hoc
1150 1571 1306 1608 respon-

107 1637 194 1662 sum
222 1623 360 1661 datum
380 1627 448 1660 est.
508 1621 594 1660 Etsi
614 1635 762 1660 novum
783 1635 928 1660 nomen
949 1621 1115 1660 audiant
1137 1622 1306 1660 Roman-

107 1702 230 1735 orum,
241 1693 373 1726 tamen
389 1686 546 1725 credere
562 1687 666 1724 viros
682 1687 803 1725 fortes
819 1700 912 1735 esse,
932 1700 1099 1737 quorum
1113 1687 1305 1725 auxilium

108 1767 130 1792 a
155 1753 328 1792 Clusinis
355 1752 395 1790 in
421 1765 462 1790 re
493 1751 649 1802 trepida
675 1752 726 1789 sit
747 1751 1029 1802 imploratum,
1059 1759 1098 1790 et
1119 1752 1305 1802 quoniam

107 1818 303 1870 legatione
342 1817 531 1855 adversus
570 1830 609 1854 se
648 1816 863 1855 maluerint
893 1830 1011 1867 quam
1051 1817 1170 1855 armis
1202 1817 1304 1855 tueri

107 1884 242 1929 socios,
257 1896 305 1921 ne
322 1896 362 1921 se
378 1882 538 1933 quidem
553 1895 688 1932 pacem
704 1895 821 1932 quam
836 1881 892 1920 illi
909 1883 1075 1920 afferant
1088 1882 1302 1932 aspernari,

107 1949 138 1987 si
159 1948 283 1987 Gallis
305 1961 396 1998 agro
418 1947 636 1998 egentibus,
660 1960 776 1997 quem
799 1946 916 1984 latius
936 1946 1165 1996 possideant
1186 1959 1305 1997 quam

107 2013 238 2052 colant
283 2013 446 2057 Clusini,
495 2019 648 2063 partem
695 2012 834 2050 finium
877 2011 1103 2050 concedant.
1174 2011 1305 2050 Alit-er

106 2091 239 2129 pacem
267 2077 470 2128 impetrari
491 2090 569 2115 non
591 2090 713 2128 posse.
773 2076 822 2115 Se
844 2082 884 2115 et
904 2089 1132 2128 responsum
1153 2075 1303 2115 Clusin-
