1438 2296
485 122 522 159 A
529 120 628 159 NCI
627 120 708 159 EN
706 121 739 159 T
765 120 926 160 ROME.
1280 120 1300 155 3

112 224 261 265 tionem
298 225 474 277 ingressi,
515 238 632 264 avum
670 239 802 277 regem
844 225 1092 272 salutassent,
1131 237 1210 263 vox
1253 237 1300 263 ex

110 289 217 329 omni
260 289 516 329 multitudine
559 290 809 329 consentiens
851 289 1053 328 Numitori
1093 289 1300 340 imperium

111 352 252 395 defert.

163 417 227 457 Ita
279 419 347 458 re⁶
390 418 546 457 Albana
592 418 793 457 Numitori
840 418 1038 470 permissa,
1089 417 1301 456 Romulum

109 481 357 533 Remumque
383 482 486 533 cepit
506 482 650 533 cupido
675 482 785 521 urbis
814 481 1041 521 condendae
1061 482 1102 520 iu
1122 481 1182 519 his
1208 481 1302 520 locis

107 546 176 585 ubi
195 583 202 598 ,
223 546 393 598 expositi
449 552 573 585 erant.
650 546 715 585 Ad
762 546 803 585 id
849 560 1014 597 magnus
1056 546 1301 585 Albanorum

108 609 422 662 Latinorumque
449 624 648 658 numerus,
675 616 852 662 pastores
872 624 1027 662 quoquc
1046 616 1297 649 accesserant.

57 699 62 703 ·
109 674 188 714 Sed
224 676 335 727 regni
373 675 558 726 cupidine
592 676 751 714 foedum
786 681 984 715 certamen
1023 676 1127 713 inter
1158 675 1301 714 fratres

107 745 286 778 coortum
323 746 392 778 est.
463 739 658 788 Quoniam
700 740 847 791 gemini
894 745 1017 785 erant,
1058 753 1129 778 nec
1173 744 1300 778 aetate

107 803 318 843 discrimen
357 805 483 843 facere
520 810 716 855 poterant,
756 818 838 843 rem
876 805 1048 855 auguriis
1081 804 1300 843 discernere

107 868 365 922 constituunt.
423 868 621 907 Palatium
653 869 846 908 Romulus
878 869 1025 907 Remus
1054 869 1300 907 Aventinum

107 937 283 971 montem
340 933 453 984 cepit.
531 933 660 972 Priori
717 933 841 972 Remo
892 933 1100 984 augurium
1146 933 1300 972 venisse

107 996 235 1035 fertur
262 1010 331 1035 sex
353 997 541 1044 volucres,
564 998 724 1048 jamque
752 997 938 1036 nuntiato
961 997 1126 1048 augurio
1152 997 1300 1048 duplex

106 1074 294 1100 numerus
327 1061 499 1100 Romulo
532 1075 615 1100 sese
648 1061 832 1100 ostendit.
893 1061 957 1100 Ita
989 1067 1199 1112 utrumque
1231 1075 1301 1100 sua

105 1125 322 1164 multitudo
362 1139 493 1177 regem
541 1125 695 1164 salutat.
770 1125 868 1164 Inde
907 1138 996 1163 cum
1044 1125 1299 1164 altercatione

107 1190 314 1241 congressi,
356 1189 407 1228 ad
444 1189 604 1228 caedem
661 1196 884 1231 vertuntur.
954 1189 1014 1228 Ibi
1062 1189 1211 1228 Remus
1258 1189 1299 1228 in

107 1253 224 1293 turba
259 1254 362 1292 ictus
404 1254 555 1293 cecidit.
632 1253 843 1305 Vulgatior
882 1254 986 1292 fama
1025 1259 1085 1292 est
1129 1253 1299 1292 Remum

105 1317 278 1357 ludibrio
311 1318 443 1356 fratris
482 1331 604 1357 novos
637 1318 881 1356 transiluisse
919 1331 1052 1356 muros
1070 1332 1079 1365 3
1120 1317 1213 1356 inde
1250 1318 1300 1356 ab

105 1382 208 1420 irato
236 1382 406 1421 Romulo
431 1382 684 1420 interfectum
719 1395 811 1420 esse.
870 1381 933 1420 Ita
963 1381 1067 1420 solus
1107 1381 1299 1420 Romulus

105 1446 272 1498 imperio
319 1447 481 1497 potitus,
530 1446 690 1485 condita
735 1446 829 1485 urbs
879 1446 1095 1485 conditoris
1142 1446 1299 1485 nomine

106 1510 304 1562 appellata
323 1519 392 1550 est.

202 1662 206 1667 ’
240 1659 291 1698 II.
324 1659 418 1698 ΤΗΕ
447 1659 565 1697 RAPE
594 1669 647 1698 OF
674 1669 758 1697 Tm:
787 1660 949 1697 SAmNss
976 1658 1163 1698 Womzx.

104 1765 196 1804 «IAM
228 1779 290 1805 res
321 1767 502 1805 Romana
529 1765 628 1805 adeo
657 1765 790 1804 valida
819 1772 902 1804 erat
924 1773 968 1804 ut
998 1766 1161 1805 cuilibet
1181 1765 1299 1803 finiti-

104 1843 257 1868 marum
291 1830 499 1869 civitatum
533 1830 636 1869 bello
670 1844 740 1881 par
778 1836 890 1877 esset,
926 1829 994 1868 sed
1024 1830 1188 1881 penuria
1215 1838 1298 1868 erat

105 1894 325 1940 mulierum,
361 1894 466 1946 quod
498 1895 687 1933 Romanis
716 1895 882 1933 conubia
912 1908 1000 1933 cum
1021 1895 1199 1932 finitimis
1219 1907 1297 1933 non

105 1964 228 1997 erant.
286 1964 371 1997 tum
393 1973 442 1998 ex
462 1959 624 1998 consilio
644 1966 802 2010 patrum
822 1958 1014 1997 Romulus
1034 1958 1183 2009 legatos
1197 1958 1297 1997 circa

105 2023 254 2062 vicinas
299 2029 438 2075 gentes
475 2023 594 2071 misit,
634 2023 701 2074 qui
741 2023 969 2062 societatem
1009 2023 1297 2074 conubiumque
