1438 2296
114 134 157 170 14
536 131 792 170 LEGENDS
819 131 886 170 OF

161 235 263 273 Tum
301 239 503 274 matronae
540 235 591 273 ad
628 234 848 282 Veturiam,
886 240 1053 275 matrem
1091 236 1300 283 Coriolani,

109 299 440 349 Volumniamque
461 312 625 337 uxorem
644 299 869 350 frequentes
889 306 1041 339 coeunt.
1099 301 1303 340 Pervicere

107 368 152 401 ut
171 369 211 402 et
231 363 406 410 Veturia,
429 377 572 414 magno
597 368 694 402 natu
723 363 874 411 mulier,
897 369 936 403 et
964 364 1177 403 Volumnia
1205 365 1303 404 duos

107 441 248 478 parvos
282 427 381 465 filios
413 441 545 466 secum
573 428 701 466 ferens
729 428 771 466 in
791 433 918 466 castra
937 429 1108 467 hostium
1129 430 1243 477 irent,
1265 434 1304 468 et

107 492 293 543 quoniam
331 491 449 530 armis
482 492 557 530 viri
590 492 799 531 defendere
838 493 979 531 urbem
1012 507 1092 531 non
1130 499 1302 544 possent,

108 557 291 595 mulieres
324 557 506 606 precibus
538 556 784 607 lacrimisque
811 557 1077 596 defenderent.
1154 558 1236 597 Ubi
1256 557 1305 596 ad

108 624 235 657 castra
254 625 418 656 ventum
438 624 508 666 est,
531 618 838 669 nuntiatumque
865 618 1073 657 Coriolano
1093 625 1152 658 est
1171 620 1305 658 adesse

108 683 247 735 ingens
277 682 487 721 mulierum
518 681 668 733 ag'men,
702 683 840 733 primo,
874 683 942 733 qui
972 697 1099 734 neque
1127 698 1150 722 a
1168 684 1306 736 legatis

109 762 237 799 neque
271 762 294 786 a
324 747 595 786 sacerdotibus
627 753 759 786 motus
792 754 906 793 esset,
927 749 1052 787 multo
1072 749 1307 787 obstinatior

109 813 296 852 adversus
317 813 497 851 lacrimas
517 812 728 851 muliebres
744 818 838 851 erat.
880 813 1035 851 Deinde
1055 813 1307 852 familiarium

109 877 284 928 quidam,
306 877 374 927 qui
408 877 617 915 Veturiam
647 877 751 915 inter
780 881 927 915 ceteras
948 884 1186 928 cognoverat
1205 879 1308 917 inter

110 956 254 981 nurum
288 946 528 992 nepotesque
562 946 745 989 stantem,
778 941 904 979 “Nisi
937 955 999 980 me
1032 942 1307 989 frustrantur‚’'

111 1007 252 1057 inquit,
278 1010 300 1027 “
316 1006 430 1051 oculi,
452 1011 578 1044 mater
599 1005 672 1043 tibi
693 1005 917 1055 conjuxque
938 1011 977 1044 et
996 1005 1108 1044 liberi
1130 1006 1308 1046 adsunt.''

111 1071 342 1111 Coriolanus
374 1084 497 1121 quum
529 1069 647 1108 matri
678 1070 927 1120 complexum
955 1070 1087 1119 ferret,
1109 1071 1250 1110 mulier
1269 1073 1308 1110 in

112 1137 211 1174 iram
231 1149 281 1173 ex
300 1135 480 1186 precibus
500 1148 623 1180 versa,
649 1138 670 1155 “
687 1134 791 1182 Sine,
813 1135 1041 1185 priusquam
1061 1136 1309 1186 complexum

113 1199 294 1250 accipio‚''
315 1199 458 1249 inquit,
476 1203 497 1220 “
513 1199 631 1237 sciam
647 1203 778 1236 utrum
800 1199 848 1236 ad
871 1199 995 1237 filium
1016 1212 1064 1237 an
1086 1199 1136 1237 ad
1156 1199 1309 1238 hostem

115 1265 301 1310 venerim,
325 1264 480 1314 captiva
501 1269 677 1301 materne
697 1263 738 1301 in
759 1263 894 1301 castris
915 1263 993 1301 tuis
1013 1263 1121 1301 sim.'’
1196 1264 1310 1303 Uxor

114 1329 256 1368 deinde
277 1342 320 1366 ac
335 1328 449 1366 liberi
465 1327 646 1378 amplexi,
669 1328 861 1378 fletusque
882 1327 930 1365 ab
946 1328 1054 1366 omni
1070 1328 1186 1366 turba
1201 1335 1310 1368 Ortus

114 1395 245 1433 virum
265 1392 427 1431 tandem
448 1393 609 1443 fregere.
652 1391 892 1442 Complexus
908 1392 999 1431 inde
1013 1406 1102 1431 suos
1117 1392 1286 1432 dimittit
1301 1409 1311 1442 3

113 1460 195 1510 ipse
229 1464 334 1497 retro
368 1458 417 1496 ab
452 1457 548 1495 urbe
583 1462 709 1495 castra
741 1457 873 1495 movit.
934 1457 1130 1496 Abductis
1169 1458 1310 1497 deinde

114 1523 332 1575 legionibus
365 1535 415 1560 ex
449 1535 541 1573 agro
575 1521 765 1569 Romano,
796 1521 861 1559 alii
891 1521 990 1560 alio⁵
1028 1521 1108 1561 leto
1146 1522 1308 1573 periisse

115 1602 203 1627 eum
224 1587 400 1626 tradunt.

116 1703 228 1741 VIII.
262 1702 355 1740 Tun
384 1701 495 1740 WAR
524 1711 576 1740 OF
608 1711 692 1739 THE
720 1701 843 1739 FABn
878 1711 993 1739 w1r11
1027 1712 1111 1740 THE
1141 1702 1312 1741 Pssoan

443 1776 494 1804 or
523 1767 636 1804 Vim.
695 1775 770 1804 Bc.
805 1768 892 1812 479,
926 1768 1012 1804 478.

161 1845 232 1875 Veii
249 1854 309 1873 was
323 1853 378 1873 onc
393 1843 429 1880 of
439 1844 487 1873 the
504 1846 577 1872 most
592 1843 743 1879 pnn‘erfnl
757 1843 842 1872 citios
856 1842 891 1879 ο]
903 1844 1050 1872 Etruria.
1095 1845 1140 1874 In
1154 1845 1230 1874 Nox.
1245 1846 1305 1874 XI.

117 1896 184 1925 ancl
199 1896 280 1924 XII.
302 1894 432 1931 itsfinrtl
447 1897 589 1930 conquest
605 1893 642 1929 by
657 1893 752 1922 Rome
767 1894 829 1923 will
844 1893 875 1922 bc
895 1894 1020 1923 related.

118 1967 176 2006 EO
206 1973 382 2017 tempore
404 1979 529 2016 neque
551 1979 628 2016 pax
648 1979 775 2015 neque
797 1965 943 2003 bellum
965 1979 1053 2004 eum
1074 1966 1310 2006 Veientibus

118 2032 201 2071 fuit.
248 2032 325 2070 Res
345 2032 385 2070 in
407 2031 653 2069 latrocinium
675 2037 837 2068 venerat
856 2045 864 2077 ;
884 2030 1104 2079 legionibus
1122 2032 1307 2070 Romanis
