1438 2296
126 170 142 206 l
150 171 172 205 O
548 170 580 209 L
587 171 618 210 Ε
621 172 690 210 GE
692 172 802 210 NDS
830 173 896 211 OF

122 284 201 310 non
239 276 455 322 potuerunt
491 273 586 324 quin
624 273 823 324 extemplo
869 275 1134 326 confligerent.
1209 277 1314 326 Ergo

122 336 315 386 proelium
343 338 462 375 etiam
492 338 649 388 gravius
679 344 798 389 atque
826 340 996 378 atrocius
1025 353 1143 390 quam
1163 346 1315 379 caetera

123 400 210 439 fuit.
267 401 397 440 Duces
428 402 532 440 enim
566 416 645 441 non
679 402 796 442 modo
828 403 877 441 ad
908 404 1120 454 regendam
1153 404 1315 442 consilio

124 478 205 503 rem
237 465 406 513 adfuere,
439 466 508 504 sed
537 467 615 505 suis
646 468 721 517 ipsi
751 468 978 518 corporibus
1015 467 1313 515 dimicaverunt,

124 542 194 567 nec
215 530 420 580 quisquam
451 531 572 569 ferme
603 545 807 582 procerum
838 532 909 571 hac
947 538 1016 570 aut
1054 532 1120 571 illa
1153 545 1202 571 ex
1235 532 1317 570 acie

124 600 279 644 praeter
308 595 539 633 dictatorem
572 596 794 634 Romanum
828 597 911 634 sine
942 596 1104 635 vulnere
1138 596 1314 634 excessit.

125 657 172 694 In
187 657 433 696 Postumium
450 672 540 697 suos
555 659 832 698 adhortantem
847 660 1084 710 Tarquinius
1105 660 1316 711 Superbus,

125 735 363 772 quamquam
391 723 474 773 jam
507 729 636 762 aetate
670 730 754 762 erat
782 724 948 773 gravior,
971 737 1116 774 equum
1145 724 1316 771 admisit,

126 786 303 837 ictusque
323 788 372 826 ab
392 787 522 835 latere,
546 801 736 826 concursu
756 801 915 826 suorum
930 788 971 826 in
987 794 1120 826 tutum
1140 794 1319 840 receptus

127 856 194 890 est.
252 851 304 889 Et
319 851 368 890 ad
381 851 393 873 ¹
413 852 580 890 alterum
596 866 717 891 cornu
732 852 928 891 Aebutius
943 853 1130 903 magister
1141 853 1319 903 equitum

126 916 167 953 in
188 915 396 954 Octavium
416 916 639 954 Mamilium
668 917 806 955 ducem
836 917 1101 955 Tusculanum
1128 917 1318 967 impetum

125 980 226 1018 fecit.
286 980 363 1018 Hic
409 994 566 1031 quoque
622 994 766 1031 equum
813 981 994 1028 concitat,
1044 986 1233 1032 tantaque
1279 981 1319 1019 vi

127 1058 359 1083 concursum
389 1046 476 1083 est2
509 1051 553 1084 ut
583 1045 786 1083 brachium
815 1045 989 1084 Aebutio
1018 1045 1227 1094 trajectum
1256 1045 1319 1092 sit,

127 1109 306 1147 Mamilio
319 1115 455 1159 pectus
468 1123 702 1159 percussum.
745 1109 863 1148 Hunc
878 1109 1037 1160 quidem
1053 1109 1091 1147 in
1109 1110 1320 1148 secundam

127 1174 249 1212 aciem
270 1173 399 1211 Latini
420 1187 601 1224 recepere
616 1189 626 1221 3
655 1173 860 1219 Aebutius,
879 1187 1001 1224 quum
1017 1174 1146 1212 saucio
1162 1173 1321 1213 brachio

127 1238 250 1277 telum
270 1243 403 1277 tenere
424 1252 500 1277 non
523 1243 665 1289 posset,
683 1251 815 1289 pugna
830 1238 1006 1276 excessit.
1046 1237 1141 1276 Dux
1156 1237 1322 1277 Latinus

128 1303 290 1341 vulnere
310 1302 408 1340 nihil
425 1302 648 1349 deterritus,
665 1302 857 1353 proelium
878 1307 1052 1348 renovat,
1071 1308 1110 1340 et
1125 1303 1216 1352 quia
1232 1315 1322 1341 suos

128 1372 236 1406 metu
282 1367 481 1417 perculsos
519 1367 690 1413 videbat,
729 1367 890 1405 arcessit
923 1366 1122 1405 cohortem
1162 1366 1322 1405 exulum

130 1432 408 1479 Romanorum,
445 1432 505 1470 cui
539 1431 636 1470 Luci
669 1431 860 1482 Tarquini
891 1431 992 1469 filius
1021 1436 1209 1482 praeerat.
1268 1431 1324 1470 Hi

129 1497 235 1547 quod
254 1496 403 1546 majore
418 1496 649 1547 pugnabant
667 1495 726 1534 ira
738 1496 787 1534 ob
808 1500 942 1546 erepta
957 1495 1060 1534 bona
1079 1495 1324 1546 patriamque

129 1561 365 1611 ademptam,
387 1574 560 1611 pugnam
580 1573 790 1611 parumper
810 1560 1082 1598 restituerunt.

182 1625 462 1664 Referentibus
482 1625 562 1675 jam
581 1624 721 1676 pedem
735 1624 935 1671 Romanis,
955 1624 1007 1662 Μ.
1027 1623 1221 1670 Valerius,
1239 1637 1326 1663 con-

129 1690 474 1742 spicatusferocem
482 1691 670 1739 juvenem
679 1688 940 1740 Tarquinium
949 1694 1216 1727 ostentantem
1231 1689 1325 1726 sein

128 1755 255 1806 prima
269 1754 426 1792 exulum
445 1754 537 1801 acie,
552 1754 688 1792 subdit
704 1753 866 1792 calcaria
883 1767 995 1804 equo,
1013 1759 1053 1792 et
1068 1753 1326 1804 Tarquinium

129 1820 273 1859 infesto
312 1819 460 1869 spiculo
499 1819 609 1869 petit.
669 1818 908 1869 Tarquinius
946 1824 1052 1856 retro
1098 1817 1138 1855 in
1187 1830 1326 1868 agmen

129 1897 289 1923 suorum
310 1884 436 1922 cessit.
476 1883 692 1931 Valerium,
714 1888 860 1921 temere
888 1883 1087 1920 invectum
1108 1882 1147 1919 in
1168 1881 1327 1920 exulum

130 1950 263 1995 aciem,
286 1963 334 1987 cx
355 1954 578 1987 transverso
607 1947 768 1998 quidam
789 1947 953 1986 adortus
975 1946 1173 1997 transfigit
1190 1961 1199 1994 3
1228 1958 1328 1997 equo

130 2020 262 2053 autem
309 2013 470 2052 vulnere
509 2013 653 2064 equitis
691 2026 769 2051 non
818 2012 1031 2057 retardato,
1070 2009 1329 2049 moribundus

130 2079 332 2118 Romanus
363 2077 413 2116 ad
447 2084 592 2116 terram
629 2077 807 2116 defluxit.
865 2075 1048 2114 Dictator
1085 2074 1326 2125 Postumius,
