1438 2296
480 157 733 196 ANCIENT
758 157 922 196 ROME.
1227 157 1291 197 ‘ll

101 264 311 311 postquam
331 259 515 300 cecidisse
535 259 655 299 talem
675 260 816 308 virum,
838 261 974 300 exules
1001 262 1124 301 citato
1143 261 1296 313 agmine

100 323 246 372 invehi,
281 338 371 364 suos
408 324 608 376 perculsos
640 325 782 364 cedere
821 325 1114 374 animadvertit,
1146 326 1295 364 cohorti

101 400 204 437 suae,
242 403 360 440 quam
407 389 591 439 praesidii
639 402 756 428 causa
792 390 893 428 circa
929 403 969 429 se
1007 390 1187 438 habebat,
1228 390 1296 428 dat

100 452 255 504 signum
285 458 332 492 ut
361 455 510 504 quem3
540 467 699 501 suoru—m
729 454 947 504 fugientem
977 454 1161 501 viderint,
1184 454 1296 492 illum

98 530 171 568 pro
202 517 315 557 hoste
347 518 530 557 habeant.
589 518 777 556 Romanis
810 519 865 556 ita
899 532 921 556 a
954 519 1045 569 fuga
1073 519 1113 556 in
1143 518 1295 557 hostem

100 581 222 620 versis
257 582 359 621 acies
403 582 589 621 restituta
634 587 704 620 est.
763 581 914 620 Cohors
960 581 1164 620 dictatoris
1210 587 1295 620 tum

61 695 66 699 .
98 646 270 696 primum
290 646 481 697 proelium
502 646 600 684 iniit
643 646 814 698 Integris
829 647 1057 697 corporibus
1077 646 1296 697 animisque

97 710 219 749 fessos
249 711 385 750 exules
414 710 570 750 adorti*
599 711 778 749 caedunt.
836 711 897 749 Ibi
931 710 1007 749 alia
1033 724 1164 762 pugna
1192 711 1296 750 inter

98 787 276 826 proceres
296 781 428 814 coorta
448 780 518 814 est.
567 775 788 826 Imperator
806 774 983 823 Latinus,
1007 775 1075 814 ubi
1095 775 1294 814 cohortem

98 839 260 879 exulum
298 853 321 878 a
357 839 551 878 dictatore
590 839 769 878 Romano
816 853 938 890 prope
986 839 1294 879 circumventam

98 903 211 949 vidit,
233 903 424 955 quosdam
453 917 502 943 ex
531 903 610 942 suis
629 904 669 942 in
692 904 857 955 primam
877 904 999 943 aciem
1018 917 1149 943 secum
1177 905 1289 956 rapit.

98 967 141 1007 T.
183 968 424 1016 Herminius,
463 968 616 1019 legatus
662 968 876 1015 Romanus,
923 969 1147 1007 Mamilium
1184 976 1293 1008 veste

98 1033 294 1083 armisque
340 1033 549 1079 noscitans,
598 1038 710 1072 tanta
754 1033 795 1071 vi
841 1047 928 1072 cum
976 1033 1149 1072 hostium
1195 1034 1293 1074 duce

98 1097 291 1149 proelium
321 1097 411 1136 iniit
438 1103 484 1136 ut
512 1097 733 1136 Mamilium
762 1111 840 1137 uno
859 1098 940 1136 ictu
962 1111 1030 1149 per
1049 1098 1151 1137 latus
1171 1103 1293 1137 trans·

98 1162 252 1201 fixum⁴
289 1161 503 1209 occiderit;
548 1162 631 1213 ipse
678 1168 821 1209 autem,
860 1162 955 1201 dum
993 1176 1132 1213 corpus
1169 1162 1294 1202 hostis

98 1225 254 1278 spoliat,
268 1225 400 1276 jaculo
428 1227 641 1264 transfixus
669 1227 919 1277 expiraverit.
994 1226 1095 1265 Tum
1124 1226 1294 1266 dictator

98 1291 148 1330 ad
186 1291 340 1342 equites
376 1290 548 1338 advolat,
589 1291 791 1330 obtestans
827 1297 873 1330 ut
908 1292 1010 1330 fesso
1043 1291 1124 1343 jam
1159 1291 1293 1342 pedite

98 1355 340 1394 descendant
352 1369 401 1394 ex
415 1355 537 1407 equiS‚
552 1361 591 1394 et
604 1369 775 1407 pugnam
789 1356 934 1395 ineant.
974 1356 1093 1396 Dicto
1105 1370 1269 1408 paruere
1282 1372 1292 1406 3

99 1419 288 1459 desiliunt
325 1433 374 1459 ex
412 1420 534 1471 equis,
565 1420 775 1472 provolant
805 1421 846 1459 in
876 1421 1058 1472 primum.
1135 1421 1293 1474 Recipit

99 1483 299 1536 extemplo
337 1485 513 1523 animum
550 1483 744 1535 pedestris
777 1486 889 1533 acies,
921 1491 1130 1536 postquam
1153 1486 1292 1537 juven-

99 1549 196 1588 tutis
215 1561 394 1600 proceres
413 1562 542 1588 secum
564 1554 714 1600 partem
735 1549 898 1600 periculi
918 1550 1158 1589 sustinentes
1177 1550 1289 1590 vidit.

98 1612 209 1663 Tum,
235 1612 394 1652 demum
427 1613 587 1664 impulsi
623 1613 768 1660 Latini,
798 1613 1053 1665 perculsaque
1085 1614 1292 1654 inclinavit

99 1678 208 1717 acies
268 1677 483 1729 Equitibus
498 1677 649 1716 admoti
669 1683 763 1716 sunt
778 1678 880 1729 equi,
895 1684 940 1717 ut
958 1679 1139 1730 persequi
1160 1678 1292 1719 hostes

99 1747 272 1794 possent,
294 1748 428 1781 secuta
448 1748 508 1781 est
528 1748 568 1781 et
588 1742 781 1793 pedestris
801 1743 912 1789 acies,
934 1748 1147 1794 tantusque
1175 1743 1292 1783 ardor

100 1808 176 1846 suit
204 1812 250 1846 ut
278 1807 446 1846 Romani
479 1807 616 1846 eodem
645 1808 797 1858 impetu
825 1820 903 1858 quo
922 1807 1106 1846 fuderant
1124 1808 1289 1857 hostem,

100 1877 227 1911 castra
263 1877 458 1923 caperent.
518 1871 603 1911 Hoc
659 1871 777 1911 modo
824 1871 872 1910 ad
919 1871 1046 1911 lacum
1093 1873 1291 1925 Regillum

99 1941 320 1988 pugnatum
376 1942 445 1975 est.
531 1936 713 1975 Dictator
777 1942 818 1975 et
871 1937 1059 1989 magister
1113 1938 1290 1989 equitum

101 2000 392 2052 triumphantes
411 2001 452 2039 in
471 2000 610 2040 urbem
630 2001 789 2040 rediere.
