1438 2296
180 682 482 732 LEGENDS
519 683 600 732 OF
638 684 937 732 ANCIENT
974 683 1175 733 ROME.

352 920 382 961 1.
413 921 507 960 ΤΗΕ
535 921 770 961 Fons-mxc
798 932 850 961 or
878 922 1013 961 Roma.

87 1075 266 1121 PROCAE,
287 1074 369 1126 regi
389 1074 528 1121 Albae,
551 1074 630 1114 duo
651 1075 720 1113 filii
742 1075 931 1114 Numitor
955 1080 1074 1126 atque
1095 1074 1279 1114 Amulius

84 1143 206 1177 erant.
277 1137 491 1186 Numitori,
534 1139 603 1189 qui
648 1145 745 1177 natu
788 1139 986 1178 maximus
1027 1146 1124 1187 erat,
1167 1145 1280 1191 pater

85 1215 251 1254 regnum
286 1208 489 1241 vetustum
535 1203 666 1254 gentis
712 1202 828 1254 legat.
897 1203 992 1242 Plus
1039 1209 1174 1242 tamen
1219 1204 1280 1243 vis

84 1267 243 1319 potuit1
267 1279 387 1318 quam
415 1266 600 1306 voluntas
630 1268 754 1318 patris
769 1284 778 1317 3
816 1267 930 1319 pulso
955 1268 1077 1307 fratre
1096 1268 1281 1308 Amulius

85 1336 233 1382 regnat.
290 1330 420 1370 Addit
438 1331 574 1370 sceleri
603 1332 754 1380 scelus3
784 1332 918 1371 fratris
943 1332 1045 1371 filios
1065 1333 1279 1381 interemit,

85 1395 206 1434 filiam
235 1395 361 1434 Ream
390 1395 555 1435 Silviam
585 1395 815 1435 Vestalem²
842 1396 950 1448 legit.
1021 1396 1129 1445 Quae
1158 1411 1282 1449 quum

87 1459 188 1499 filios
227 1460 405 1512 geminos
443 1459 643 1506 edidisset,
684 1460 770 1511 ipsa
806 1460 942 1498 vincta
978 1460 1019 1499 in
1059 1461 1279 1501 custodiam

87 1524 215 1572 datur,
263 1537 405 1575 pueros
450 1523 636 1562 Amulius
677 1524 720 1563 in
761 1524 950 1563 fluentem
992 1537 1135 1576 aquam
1174 1526 1280 1565 mitti

86 1589 211 1641 jubet.

140 1654 258 1693 Forte
278 1653 448 1704 quadam
474 1653 628 1692 Tiberis
657 1667 775 1705 super
800 1654 904 1705 ripas
931 1654 1074 1693 effusus
1094 1660 1189 1700 erat.
1210 1669 1282 1695 nec

88 1717 138 1756 ad
171 1718 300 1769 ipsum
333 1718 479 1756 flumen
514 1731 678 1768 usquam
716 1718 816 1756 adiri
855 1724 1021 1769 poterat.
1080 1719 1220 1770 Itaque
1253 1721 1282 1759 ii

88 1782 156 1834 qui
188 1783 361 1821 infantes
389 1783 582 1828 serebant,
613 1782 724 1821 velut
757 1782 932 1820 defuncti
963 1783 1066 1834 regis
1103 1784 1280 1835 imperio,

87 1847 128 1885 in
148 1847 331 1898 proxima
355 1846 500 1885 alluvie
529 1859 671 1897 pueros
692 1853 909 1897 exponunt.
968 1847 1115 1887 Vastae
1135 1854 1220 1887 tum
1240 1849 1280 1888 in

89 1910 151 1949 his
182 1910 278 1950 locis
308 1910 542 1950 solitudines
576 1918 699 1950 eraut.
758 1911 881 1949 Fama
918 1916 989 1959 est,
1024 1925 1144 1962 quum
1183 1926 1282 1964 aqua

93 1975 319 2014 fluitantem
339 1975 505 2022 alveum,
528 1989 607 2026 quo
628 1976 798 2026 expositi
829 1981 942 2014 erant
970 1977 1091 2027 pueri,
1114 1977 1155 2015 in
1181 1978 1282 2016 sicco

90 2039 347 2087 destituisset,
374 2039 508 2090 lupam
540 2040 739 2078 sitientem
771 2053 819 2077 ex
849 2041 1050 2078 montibus
1079 2041 1129 2079 ad
1156 2042 1282 2092 pueri-

675 2102 697 2124 Α
