1438 2296
100 148 148 185 26
526 148 780 188 LEGENDS
808 148 874 188 OF

403 296 496 334 XII.
528 296 622 334 THE
651 296 764 334 FALL
793 306 845 334 OF
874 297 986 335 VEII.

595 370 672 399 Bc.
705 362 792 399 396.

95 447 188 486 JAM
234 461 283 485 ex
328 447 415 485 lacu
459 447 618 485 Albano
665 460 766 497 aqua
812 446 852 484 in
891 460 1004 497 agros
1043 442 1184 486 emissa
1220 452 1291 494 est,

96 512 296 562 Veiosque
316 512 397 549 fata
416 512 668 562 appetebant.
709 511 837 562 Igitur
852 511 906 550 M.
925 511 1068 550 Furius
1090 511 1290 559 Camillus,

96 576 226 614 fatalis
260 575 342 614 (lux
375 576 425 614 ad
459 576 658 614 excidium
692 575 796 613 illius
826 575 946 621 urbis,
977 575 1147 614 dictator
1165 576 1294 614 dictus

95 642 327 692 magistrum
361 641 538 692 equitum
574 640 618 678 P.
651 640 879 679 Cornelium
913 640 1137 691 Scipionem
1176 641 1291 689 dixit,

96 705 240 744 Omnia
259 711 420 755 repente
449 704 725 743 mutaverant1
753 705 989 755 imperatore
1009 710 1188 744 mutato:
1217 705 1295 744 alia

95 784 194 820 spes,
229 770 329 808 alius
363 770 516 808 animus
549 770 767 816 hominum,
801 770 962 807 fortuna
995 783 1152 820 quoque
1186 770 1294 808 urbis

95 835 171 873 alia
190 834 327 873 videri.
387 834 588 880 Camillus,
611 834 765 872 delectu
780 834 822 872 in
837 839 984 872 certam
1004 834 1110 872 diem
1130 834 1291 881 indicto,

95 899 178 950 ipse
209 899 369 937 interim
402 899 522 937 Veios
553 898 603 936 ad
633 897 922 936 confirmandos
950 898 1123 936 militum
1144 899 1294 937 animos

95 964 323 1002 intercurrit
340 978 350 1011 3
378 963 470 1001 inde
502 963 669 1000 Romam
703 962 753 1000 ad
783 963 1110 1000 conscribendum
1147 976 1294 1001 novum

96 1029 314 1067 exercitum
330 1028 445 1073 redit,
461 1027 571 1065 nullo
585 1027 832 1065 detractante
847 1027 1039 1065 militiam.
1082 1027 1295 1078 Peregrina

96 1093 215 1132 etiam
261 1093 460 1143 juventus,
511 1092 643 1129 Latini
689 1091 931 1142 Hernicique
978 1105 1137 1142 operam
1183 1105 1294 1130 suam

96 1158 327 1209 pollicentes
348 1157 397 1195 ad
417 1157 458 1195 id
478 1156 627 1195 bellum
646 1169 788 1195 venere
803 1171 813 1204 ;
841 1157 986 1207 quibus
1006 1170 1129 1207 quum
1148 1157 1294 1208 gratias

95 1223 135 1261 in
170 1229 310 1261 senatu
344 1222 487 1273 egisset
521 1221 702 1267 dictator,
738 1221 834 1259 satis
862 1221 946 1271 jam
975 1221 1157 1260 omnibus
1177 1221 1227 1260 ad
1253 1221 1293 1260 id

95 1287 243 1326 bellum
264 1287 424 1337 paratis,
446 1286 560 1324 ludos
590 1299 752 1336 magnos
772 1285 868 1324 Veis
898 1286 1022 1336 captis
1038 1299 1078 1324 se
1098 1286 1294 1324 facturum

96 1365 145 1391 ex
165 1357 324 1391 senatus
345 1351 525 1390 consulto
545 1351 665 1389 vovit.
725 1350 930 1389 Profectus
945 1364 1033 1389 cum
1049 1351 1226 1389 exercitu
1245 1351 1294 1390 ab

96 1417 203 1465 urbe,
226 1417 400 1467 primum
420 1429 508 1454 cum
540 1415 701 1454 Faliscis
731 1421 771 1453 et
791 1415 1058 1466 Capenatibus
1077 1415 1190 1466 signa
1209 1429 1294 1454 con·

96 1479 184 1517 fert.
244 1479 388 1517 Omnia
415 1479 470 1516 ibi
500 1491 654 1516 summo
683 1477 845 1516 consilio
874 1484 961 1516 acta
988 1478 1147 1516 fortuna
1175 1478 1294 1516 etiam

96 1549 228 1582 secuta
267 1550 336 1582 est.
395 1543 487 1581 Non
521 1542 670 1593 proelio
709 1548 866 1580 tantum
905 1542 1037 1581 hostes
1074 1542 1190 1590 fudit,
1226 1543 1295 1582 sed

96 1608 234 1647 castris
265 1621 422 1659 quoque
448 1608 570 1655 exuit,
607 1607 839 1658 ingentique
869 1607 1015 1657 praeda
1044 1613 1103 1646 est
1131 1608 1291 1658 potitus.

96 1673 193 1712 Inde
214 1673 333 1712 Veios
353 1673 549 1711 exercitus
569 1672 710 1710 ductus
726 1677 795 1710 est.
837 1671 1011 1723 Operum
1027 1672 1103 1710 fuit
1117 1673 1294 1711 omnium

95 1738 210 1790 longe
230 1738 447 1776 maximum
465 1751 507 1775 ac
523 1737 873 1776 laboriosissimum
889 1737 1091 1775 cuniculus
1107 1737 1148 1775 in
1167 1750 1294 1775 arcem

95 1803 267 1841 hostium
289 1803 351 1853 agi
372 1808 544 1853 coeptus.
622 1801 736 1850 Quod
760 1815 809 1839 ne
829 1801 1164 1840 intermitteretur
1184 1815 1292 1852 opus,

95 1882 173 1907 neu
204 1868 276 1906 sub
308 1873 413 1905 terra
447 1867 657 1905 continuus
678 1866 789 1904 labor
817 1866 974 1904 eosdem
1004 1867 1222 1913 conficeret,
1253 1867 1294 1904 iu

96 1939 226 1984 partes
247 1947 315 1971 sex
335 1933 579 1970 munitorum
608 1944 817 1970 numerum
847 1931 1006 1978 divisit;
1036 1944 1151 1970 senae
1176 1931 1294 1970 horae

95 1998 134 2035 in
156 1998 289 2036 orbem
311 1997 419 2048 operi
440 1996 657 2035 attributae
677 2001 781 2043 sunt,
803 2002 917 2034 nocte
945 2009 988 2034 ac
1008 1996 1071 2034 die
1093 2009 1293 2047 nunquam

96 2070 187 2100 ante
209 2062 374 2100 omissus
396 2061 506 2099 labor
525 2075 644 2112 quam
665 2061 704 2099 in
727 2074 853 2099 arcem
876 2061 978 2098 viam
1000 2061 1184 2098 facerent.
