1438 2296
162 144 209 180 34
582 143 652 181 LE
657 143 771 182 GEN
769 143 839 182 DS
868 144 934 182 OF

157 245 264 284 haud
296 245 424 284 multo
455 250 547 284 ante
580 245 672 284 solis
703 259 883 285 occasum
921 247 971 285 ad
1008 248 1147 287 urbem
1184 249 1352 288 Romam

158 310 404 360 perveniunt.

247 473 333 511 XV.
366 473 458 511 Tim
479 474 685 513 BURNING
705 485 758 513 or
777 475 904 514 Rom:
924 486 981 514 ΒΥ
1000 487 1085 515 ΤΗΕ
1106 477 1264 516 GAULs.

655 555 730 583 Ro.
762 547 849 583 390.

157 630 344 679 ROMANI,
381 645 501 682 quum
534 631 660 681 major
693 645 782 682 pars
816 645 865 670 ex
899 633 980 671 acie
1019 633 1139 672 Veios
1178 634 1350 684 petisset,

156 696 354 734 neminem
373 709 575 746 superesse
595 697 670 734 rati
691 702 846 746 praeter
867 710 933 735 eos
954 698 1022 748 qui
1042 698 1209 736 Romam
1230 699 1354 749 refug-

156 766 278 807 erant,
307 766 432 799 tota-m
459 761 598 799 urbem
626 760 809 799 lamentis
835 761 1109 811 impleverunt.
1173 763 1354 802 Privatos

155 825 298 863 deinde
335 825 464 863 luctus
498 825 708 875 stupefecit
755 826 934 875 publicus
972 840 1108 877 pavor,
1143 832 1354 878 postquam

155 890 287 928 hostes
307 889 442 928 adesse
462 890 691 927 nuntiatum
712 895 781 928 est.
832 890 930 928 Mox
946 891 1121 929 ululatus
1137 897 1354 942 cantusque

155 954 333 992 dissonos
362 954 620 992 barbarorum
650 954 751 992 circa
781 954 937 992 moenia
965 956 1196 1006 vagantium
1226 955 1355 995 audie-

155 1019 264 1058 bant.
325 1018 455 1066 Quum
478 1031 566 1068 spes
582 1018 689 1056 nulla
706 1023 819 1066 esset,
835 1023 917 1056 tam
933 1032 1053 1069 parva
1070 1020 1206 1059 relicta
1221 1034 1352 1068 manu,

154 1084 293 1122 urbem
309 1082 470 1121 defendi
490 1096 615 1133 posse,
630 1082 780 1133 placuit
800 1096 889 1121 cum
910 1083 1143 1135 conjugibus
1164 1099 1206 1123 ac
1221 1085 1354 1124 liberis

153 1148 407 1198 juventutem
454 1147 670 1185 militarem
712 1153 950 1198 senatusque
988 1149 1109 1187 robur
1147 1149 1187 1188 in
1225 1163 1354 1188 arcem

155 1213 473 1263 Capitoliumque
494 1212 717 1259 concedere,
732 1213 927 1263 armisque
944 1218 984 1251 et
999 1213 1198 1253 frumento
1212 1214 1354 1253 collato

155 1277 248 1316 deos
268 1277 526 1327 hominesque
548 1283 588 1315 et
608 1290 752 1315 nomen
782 1276 1003 1315 Romanum
1033 1278 1254 1318 defendere.
1312 1279 1354 1318 Si

155 1356 226 1381 arx
256 1342 588 1393 Capitoliumque,
621 1341 733 1380 sedes
767 1341 942 1389 deorum,
975 1342 1007 1380 si
1036 1349 1207 1390 senatus,
1230 1344 1355 1395 'caput

155 1407 303 1459 publici
324 1407 488 1454 consilii,
512 1407 545 1444 si
561 1406 744 1444 militaris
762 1407 952 1457 juventus
973 1413 1205 1458 superesset,
1227 1408 1355 1447 levem

155 1486 237 1511 esse
251 1474 449 1523 jacturam
471 1472 670 1510 seniorum
691 1472 910 1522 turbaeque
929 1473 970 1510 in
991 1473 1088 1511 urbe
1103 1473 1242 1524 utique
1257 1474 1355 1524 peri-

156 1543 277 1575 turae.
335 1537 387 1575 Et
417 1550 495 1587 quo
530 1536 570 1574 id
602 1537 785 1586 aequiore
817 1537 948 1575 animo
979 1537 1104 1588 plebis
1138 1538 1354 1578 multitudo

154 1602 286 1648 ferret,
301 1615 413 1640 senes
434 1601 657 1639 consulares
679 1601 864 1639 dicebant
881 1615 920 1639 se
936 1602 1053 1640 simul
1074 1616 1162 1641 cum
1182 1603 1259 1641 illis
1276 1603 1355 1642 obi-

155 1673 279 1714 turos,
301 1680 374 1705 nec
394 1666 455 1704 his
475 1666 716 1716 corporibuS,
740 1666 883 1716 quibus
904 1680 1011 1705 arma
1032 1667 1133 1706 ferre
1161 1681 1242 1706 non
1270 1681 1356 1719 pos-

157 1736 256 1779 sent,
280 1731 456 1781 inopiam
479 1735 721 1768 armatorum
743 1737 985 1770 oneraturos.

209 1797 309 1834 Inde
346 1796 518 1834 seniores
548 1795 665 1833 morti
697 1795 885 1833 destinati
916 1809 1056 1846 agmen
1094 1797 1285 1847 juvenum
1314 1798 1354 1836 in

155 1861 396 1912 Capitolium
436 1861 787 1911 prosequebantur,
820 1873 956 1898 eorum
986 1861 1126 1899 virtuti
1156 1862 1355 1901 fortunam

153 1926 262 1965 urbis
284 1925 613 1964 commendantes.
675 1925 808 1963 Plebis
829 1926 1002 1964 maxima
1023 1939 1123 1976 pars,
1147 1940 1264 1977 quam
1285 1940 1355 1966 nec

153 2005 290 2042 capere
309 1996 392 2029 tam
413 1991 579 2039 exiguus
600 1989 720 2035 collis,
736 2003 807 2028 nec
823 1990 863 2027 in
883 1997 995 2029 tauta
1012 1991 1202 2030 frumenti
1222 1992 1356 2043 inopia

153 2056 254 2095 alere
283 2060 450 2106 poterat,
480 2068 529 2093 cx
556 2055 651 2093 urbe
678 2055 810 2100 effusa,
837 2068 915 2093 uno
942 2056 1097 2106 agmine
1123 2056 1354 2095 <Ianiculum
