1438 2296
515 129 552 166 Α
558 128 658 167 XCI
656 128 692 166 Ε
693 128 769 166 ΝΤ
795 127 910 166 ΗΘΜ
912 128 947 166 Ε
949 159 956 166 .
1282 132 1329 167 25

139 231 280 282 agitari
318 232 360 270 in
399 232 645 270 sermonibus
674 236 857 282 coeptum
896 237 966 277 est,
997 230 1121 270 donec
1150 244 1252 269 unus
1281 245 1330 270 ex

132 284 310 334 'statione
345 295 535 341 Romana,
571 295 794 346 proximum
828 295 1114 346 oppidanorum
1149 309 1331 346 percunc—

138 364 246 398 tatus
270 365 329 399 est
358 360 543 411 quisnam
571 360 604 398 is
632 365 734 398 esset
763 360 831 410 qui
860 372 931 410 per
958 360 1141 410 ambages
1166 359 1215 398 de
1244 359 1331 399 lacu

136 423 294 463 Albano
313 423 469 463 locutus
491 429 602 463 esset.
662 423 879 474 Postquam
907 423 1060 462 audivit
1084 423 1330 475 haruspicem

137 501 232 535 esse,
262 493 393 527 vatem
421 488 471 527 ad
501 488 740 539 colloquium
770 487 915 527 elicuit.
975 487 1184 539 Quumque
1213 488 1330 527 ambo

136 552 304 592 inermes
324 553 407 591 sine
426 553 507 591 ullo
526 558 635 591 metu
655 552 811 603 longius
830 566 852 590 a
871 552 952 591 suis
973 553 1165 604 progressi
1186 559 1326 600 essent,

40 644 42 646 -
100 665 105 669 η
135 617 365 667 praevalens
390 617 548 668 juvenis
572 617 774 656 Romanus
800 629 933 656 senem
952 617 1153 655 infirmum
1181 617 1222 655 in
1251 631 1329 656 om-

135 681 246 720 nium
287 687 499 732 conspectu
540 687 700 732 raptum
741 680 793 719 ad
835 694 925 720 suos
968 681 1182 720 transtulit.
1252 681 1328 730 Qui

134 759 257 796 quum
290 746 504 796 perductus
541 745 591 784 ad
628 746 917 796 imperatorem,
952 745 1046 784 inde
1079 745 1244 784 Romam
1279 745 1328 784 ad

134 815 316 848 senatum
345 810 490 848 missus
519 815 631 857 esset,
663 809 905 860 rogantibuS,
937 809 1126 859 quidnam
1156 809 1196 848 id
1226 816 1329 849 esset

133 873 240 925 quod
269 874 319 913 de
350 873 437 912 lacu
466 874 624 912 Albano
653 873 860 920 docuisset,
892 873 1096 924 respondit
1129 874 1183 912 sic
1216 873 1328 913 libris

133 937 330 986 fatalibus,
370 939 423 977 sic
462 938 670 988 disciplina
707 938 874 977 Etrusca
917 938 1110 976 traditum
1148 951 1241 986 esse,
1282 945 1328 978 ut

132 1002 292 1053 quando
311 1015 412 1053 aqua
427 1002 585 1041 Albana
603 1002 854 1048 abundasset,
869 1007 955 1040 tum
976 1003 1006 1040 si
1024 1016 1109 1041 eam
1126 1003 1327 1041 Romanus

131 1067 208 1106 rite
246 1067 450 1113 emisisset,
480 1067 686 1106 victoriam
725 1066 774 1105 de
803 1067 1040 1105 Veientibus
1069 1067 1178 1115 dari;
1221 1074 1326 1106 ante-

131 1145 249 1182 quam
278 1131 319 1170 id
347 1132 427 1178 fiat,
449 1131 544 1170 deos
572 1131 727 1169 moenia
747 1130 976 1169 Veientium
1002 1131 1226 1170 deserturos
1246 1145 1324 1170 non

131 1209 224 1235 esse.
296 1195 374 1234 Sed
407 1201 539 1246 patres
578 1202 778 1234 auctorem
816 1194 943 1233 levem
982 1195 1068 1243 rati,
1104 1209 1175 1234 nec
1209 1209 1326 1246 super

131 1266 243 1299 tanta
289 1273 331 1299 re
369 1260 464 1299 satis
508 1259 643 1306 fidum,
683 1259 892 1298 deerevere
934 1259 1083 1310 legatos
1121 1265 1325 1310 sortesque

129 1324 277 1363 oraculi
296 1323 455 1375 Pythici
475 1323 751 1375 expectandas.

182 1389 325 1429 Cetera
370 1388 484 1436 bella,
523 1389 772 1439 maximeque
816 1387 977 1434 Veiens,
1018 1387 1155 1426 incerti
1193 1387 1324 1426 exitus

129 1459 267 1502 erant,
292 1453 455 1504 jamque
490 1453 668 1499 Romani,
691 1453 898 1503 desperata
930 1465 1002 1502 ope
1030 1452 1212 1498 humana,
1242 1453 1324 1491 fata

128 1523 170 1557 et
194 1518 289 1557 deos
317 1517 560 1568 spectabant,
582 1530 703 1568 quum
733 1516 853 1567 legati
873 1517 922 1555 ab
942 1516 1109 1567 Delphis
1128 1524 1323 1560 venerunt

127 1587 274 1636 sortem
293 1581 439 1621 oraculi
455 1582 662 1620 afferentes
677 1586 958 1631 congruentem
974 1593 1161 1630 responso
1177 1580 1322 1630 captivi

127 1647 230 1686 vatis
246 1662 254 1685 ε
285 1651 308 1667 “
323 1647 511 1693 Romane,
529 1659 621 1685 cave
642 1658 783 1696 aquam
800 1644 997 1683 Albanam
1012 1644 1099 1683 lacu
1115 1644 1320 1692 contineri,

126 1724 219 1750 cave
239 1711 280 1750 in
299 1724 408 1750 mare
427 1723 586 1749 manare
599 1723 670 1749 suo
690 1710 851 1748 flumine
867 1709 981 1748 sinas
1039 1709 1231 1748 Emissam
1252 1723 1323 1761 per

126 1788 240 1827 agros
260 1775 417 1826 rigabis,
439 1775 748 1826 dissipatamque
769 1774 864 1812 rivis
885 1774 1105 1825 extingues.
1156 1774 1258 1813 Tum
1277 1779 1321 1812 tu

126 1839 255 1879 audax
274 1839 412 1879 insiste
442 1839 616 1878 hostium
650 1839 795 1886 muris;
825 1846 1024 1877 memento
1056 1852 1105 1878 ex
1137 1852 1182 1877 ea
1210 1839 1318 1886 urbe,

125 1917 242 1955 quam
272 1917 344 1955 per
375 1909 437 1942 tot
467 1917 592 1942 annos
621 1903 787 1948 obsides,
809 1903 1014 1941 victoriam
1035 1903 1107 1941 tibi
1129 1903 1200 1949 his,
1222 1916 1320 1954 quae

125 1981 230 2007 nunc
248 1967 490 2020 panduntur,
513 1968 606 2007 satis
626 1967 774 2006 datum.
833 1967 943 2006 Bello
972 1967 1145 2018 perfecto
1171 1967 1317 2006 donum

125 2033 297 2083 amplum
318 2033 446 2071 victor
464 2032 512 2071 ad
533 2045 621 2070 mea
639 2031 787 2083 templa
806 2033 998 2082 portatoff‘
