1438 2296
516 157 553 195 A
558 156 655 195 ΝΟ]
656 156 770 195 ΕΝΤ
794 156 913 196 ROM
914 157 948 194 Ε
951 187 958 194 .
1287 159 1330 195 31

140 273 253 299 orum
290 273 420 299 coram
454 260 642 298 Romanis
671 259 845 310 accipere
874 259 985 307 velle,
1016 264 1066 307 et,
1102 261 1134 299 si
1172 266 1337 312 negetur

141 338 244 377 ager,
278 338 408 364 coram
437 324 577 363 iisdem
607 324 796 362 Romanis
826 324 1091 371 dimicaturos,
1113 331 1157 363 ut
1176 325 1337 365 domum

140 389 325 428 nuntiare
363 394 524 440 possent
562 394 757 439 quantum
804 388 908 427 Galli
956 394 1105 427 ceteros
1152 389 1337 428 mortales

140 455 288 493 virtute
317 458 570 505 praestarent.
631 453 729 491 Mox
758 453 929 492 accensis
958 453 1157 504 utrimque
1196 454 1336 492 animis

141 519 191 558 ad
211 532 319 557 arma
333 517 569 556 discurritur
584 522 625 556 et
644 517 837 568 proelium
853 518 1081 556 conseritur.
1141 519 1202 556 Ibi
1218 518 1337 570 legati

142 589 278 623 contra
307 582 371 634 jus
399 582 580 634 gentium
609 595 717 620 arma
737 582 907 633 capiunt.
967 582 1005 620 Ν
1009 595 1051 621 ec
1073 582 1113 621 id
1135 582 1234 621 clam
1254 597 1336 622 esse

103 691 107 695 ,
142 648 284 699 potuit,
316 661 438 698 quum
467 653 560 686 ante
590 647 702 698 signa
729 647 986 685 Etruscorum
1021 652 1100 685 tres
1135 647 1336 686 fortissimi

141 712 456 762 nobilissimique
475 711 676 750 Romanae
696 711 920 762 juventutis
940 716 1173 762 pugnarent.
1233 711 1336 760 Quin

142 777 262 816 etiam
295 775 339 824 Q.
381 775 538 823 Fabius,
574 782 733 814 evectus
765 781 879 814 extra
917 775 1050 822 aciem,
1080 775 1218 814 ducem
1249 776 1338 815 Gal-

141 840 269 880 lorum
291 854 392 892 equo
412 840 453 879 in
472 840 558 891 ipsa
573 839 684 891 signa
704 840 960 878 Etruscorum
981 840 1248 879 incursantem
1268 855 1338 892 per

141 904 246 944 latus
265 905 502 943 transfixum
521 904 636 942 hasta
655 904 808 942 occidit.
868 904 1001 955 Spolia
1029 904 1113 954 ejus
1142 904 1336 956 legentem

142 969 247 1009 Galli
267 982 475 1021 agnovere,
489 981 637 1019 perque
654 974 777 1007 totam
791 968 912 1007 aciem
930 968 1151 1007 Romanum
1166 969 1337 1020 legatum

142 1047 226 1073 esse
255 1034 411 1085 siguum
441 1033 579 1072 datum
600 1039 668 1072 est.
729 1033 884 1072 Omissa
903 1033 995 1071 inde
1015 1033 1057 1071 in
1078 1033 1260 1073 Clusinos
1280 1035 1338 1073 ira

143 1098 318 1150 receptui
355 1099 533 1136 canunt³
570 1098 801 1136 minitantes
842 1097 1040 1136 Romanis.
1117 1098 1241 1136 Erant
1269 1100 1336 1150 qui

143 1162 344 1213 extemplo
386 1162 553 1201 Romam
600 1161 774 1201 eundum
813 1175 896 1200 esse
935 1167 1165 1211 censerent,
1212 1163 1336 1202 vicere

142 1228 327 1273 seniores,
348 1233 393 1265 ut
412 1226 530 1278 legati
552 1226 661 1277 prius
691 1227 947 1265 mitterentur
966 1233 1149 1277 questum
1170 1227 1337 1278 injurias

142 1292 464 1344 postulatumque
502 1296 547 1329 ut
594 1304 665 1342 pro
695 1290 783 1341 jure
820 1291 1000 1342 gentium
1038 1291 1185 1330 violato
1224 1292 1337 1332 Fabii

143 1357 394 1396 dederentur.
455 1355 587 1404 Quum
616 1356 734 1407 legati
770 1355 978 1394 Gallorum
1010 1369 1065 1404 ea,
1095 1357 1195 1395 sicut
1224 1364 1338 1397 erant

143 1421 340 1467 mandata,
363 1421 649 1472 exposuissent,
672 1420 881 1459 Fabiorum
905 1421 1051 1459 factum
1083 1423 1236 1460 senatui
1257 1436 1335 1462 non

145 1487 334 1539 placebat,
365 1491 405 1524 et
434 1485 499 1536 jus
529 1485 730 1536 postulare
759 1485 915 1524 barbari
950 1485 1198 1525 videbantur.
1258 1487 1336 1526 Sed

144 1551 308 1590 ambitio
337 1550 522 1589 obstabat
551 1563 600 1588 ne
629 1549 669 1588 id
695 1549 800 1600 quod
821 1549 1001 1600 placebat
1019 1550 1277 1590 decernerent
1296 1553 1336 1590 in

144 1621 279 1660 tantae
307 1615 527 1654 nobilitatis
553 1614 657 1652 viris.
718 1614 869 1664 Itaque,
892 1627 940 1652 ne
961 1627 1079 1664 penes
1098 1615 1203 1665 ipsos
1223 1615 1338 1667 culpa

145 1686 247 1720 esset
275 1679 397 1718 cladis
425 1679 526 1718 forte
555 1678 707 1717 Gallico
736 1678 838 1717 bello
859 1685 1050 1729 acceptae,
1072 1680 1335 1730 cognitionem

145 1744 194 1783 de
232 1743 441 1796 postulatis
475 1742 679 1781 Gallorum
719 1742 769 1780 ad
803 1742 990 1793 populum
1022 1743 1215 1793 rejiciunt.
1274 1745 1336 1784 Ibi

145 1815 257 1848 tanto
278 1808 365 1860 plus
384 1807 511 1859 gratia
531 1813 648 1858 atque
669 1820 761 1857 opes
782 1806 967 1845 valebant
987 1813 1033 1846 ut
1053 1808 1078 1845 ii
1099 1821 1265 1858 quorum
1287 1809 1335 1848 de

145 1886 272 1924 poena
300 1872 500 1924 agebatur,
536 1872 685 1910 tribuni
715 1871 885 1909 militum
917 1871 1109 1910 consulari
1140 1879 1335 1923 potestate

145 1938 187 1976 in
225 1943 454 1988 sequentem
485 1950 632 1975 annum
661 1942 895 1975 crearentur.
966 1937 1052 1985 Quo
1084 1936 1187 1976 facto
1217 1938 1333 1986 Galli,

145 2001 253 2041 haud
281 2015 390 2040 secus
418 2014 536 2052 quam
566 2000 731 2052 dignum
759 2006 843 2040 crat
862 2001 1016 2049 infensi,
1039 2001 1184 2040 bellum
1207 2002 1331 2053 palam

145 2066 342 2105 minantes
360 2065 410 2104 ad
430 2079 521 2104 suos
540 2065 718 2104 redeunt.
