1438 2296
118 163 139 199 3
146 164 167 200 2
547 163 614 201 LE
619 163 800 203 GENDS
827 164 894 203 OF

317 334 425 373 XIV,
458 334 552 373 ΤΗΕ
580 334 746 373 BATTLE
775 345 827 373 or
854 346 938 374 THE
966 335 1114 376 ALLIA.

615 421 689 450 Ro.
724 412 811 450 390.

118 515 264 563 GALL1‚
299 520 508 566 postquam
542 528 723 566 accepere
760 514 949 554 honorem
982 515 1164 554 habitum
1197 515 1315 554 viola·

117 580 268 618 toribus
305 579 405 629 juris
443 579 634 631 gentium,
669 579 896 630 elusamque
933 579 1171 630 legationem
1205 593 1315 618 suam

118 657 213 691 esse,
244 645 454 694 flagrantes
493 644 562 690 ira,
598 643 708 694 cujus
747 644 945 695 impotens
984 649 1043 682 est
1081 658 1189 695 gens,
1228 658 1315 682 con-

117 709 249 748 festim
269 709 390 759 signis
407 708 603 747 convulsis
619 709 740 747 citato
757 709 911 759 agmine
932 708 1008 748 iter
1023 709 1316 760 ingrediuntur-

118 773 248 821 Quum
269 773 385 811 urbes
407 773 618 812 exterritae
639 773 688 812 ad
708 787 816 811 arma
839 778 1126 819 concurrerent,
1144 774 1316 824 fugaque

117 838 331 887 agrestium
353 838 474 885 fieret,
498 838 665 876 Romam
695 851 735 876 se
763 839 820 876 ire
848 852 992 889 magno
1012 838 1180 877 elamore
1200 838 1316 889 signi-

118 904 298 951 ficabant,
335 916 583 953 quacumque
618 903 732 940 ibant
766 903 877 953 equis
906 903 1080 953 virisque
1112 902 1192 942 late
1220 903 1316 941 fusis

119 968 357 1006 immensum
375 968 546 1018 spatium
564 967 801 1006 obtinentes.
846 967 924 1006 Sed
940 967 1198 1006 antecedente
1213 968 1318 1006 fama

118 1033 348 1083 nuntiisque
390 1032 656 1078 Clusinorum,
697 1031 912 1082 plurimum
950 1032 1112 1070 terroris
1150 1032 1317 1070 Romam

117 1096 292 1135 hostium
322 1096 500 1134 celeritas
521 1096 624 1142 tulit,
647 1096 801 1146 quibus,
823 1096 1001 1135 exercitu
1019 1096 1164 1146 raptim
1185 1096 1315 1145 ducto,

119 1175 232 1212 aegre
273 1161 322 1199 ad
360 1161 614 1199 undecimum
660 1160 833 1211 lapidem
880 1175 1082 1200 occursum
1130 1166 1199 1208 est,
1240 1175 1319 1212 qua

119 1226 266 1264 flumen
290 1225 406 1272 Allia,
430 1226 697 1264 Crustuminis
720 1226 922 1263 montibus
945 1225 1121 1276 praealto
1142 1225 1318 1264 defluens

119 1291 230 1330 alveo
246 1290 352 1329 haud
367 1290 539 1329 multum
554 1290 656 1328 infra
672 1291 777 1328 viam
793 1290 978 1329 Tiberino
995 1291 1098 1328 amni
1120 1291 1316 1329 miscetur.

119 1357 212 1395 -Jam
241 1356 374 1395 omnia
403 1362 541 1394 eontra
571 1356 751 1406 circaque
781 1355 956 1393 hostium
985 1355 1102 1406 plena
1127 1348 1251 1402 erant,
1279 1360 1320 1394 et

119 1435 215 1473 gens
235 1421 276 1459 in
292 1434 415 1459 vanos
435 1420 630 1458 tumultus
645 1426 739 1459 nata
754 1420 855 1459 truci
872 1428 990 1459 cantu
1005 1420 1319 1472 clamoribusque

121 1486 238 1524 variis
260 1491 401 1523 cuncta
420 1485 618 1523 horrendo
638 1498 734 1524 sono
754 1485 1057 1536 compleverant.

174 1550 341 1589 Tribuni
370 1550 543 1588 militum
573 1563 652 1588 non
682 1549 766 1588 loco
796 1550 933 1588 castris
962 1556 1054 1588 ante
1083 1555 1208 1601 capto,
1238 1563 1319 1589 non

121 1615 371 1666 praemunito
391 1614 506 1662 vallo,
529 1627 606 1665 quo
628 1620 808 1665 receptus
828 1620 941 1661 esset,
963 1614 1169 1653 instruunt
1198 1615 1319 1654 aciem

121 1681 161 1718 in
191 1693 338 1718 cornua
363 1679 591 1718 diductam¹
614 1693 663 1718 ne
687 1679 943 1718 multitudine
968 1679 1141 1718 hostium
1161 1680 1320 1718 circuni-

122 1745 247 1784 veniri
268 1750 438 1796 possent.
497 1744 582 1783 Nec
605 1750 737 1782 tamen
759 1744 917 1795 aequari
946 1745 1095 1783 frontes
1121 1750 1316 1795 poterant,

121 1824 243 1862 quum
282 1809 536 1848 extenuando
574 1809 746 1848 mediam
784 1809 905 1847 aciem
945 1809 1141 1847 infirmam
1179 1814 1219 1847 et
1251 1809 1320 1847 vix

122 1875 397 1913 cohaerentem
420 1874 624 1912 haberent.
683 1873 825 1912 Editus
846 1879 929 1912 erat
950 1873 998 1912 ab
1020 1873 1185 1912 dextera
1212 1873 1320 1912 loeus

122 1954 237 1991 quein
255 1939 502 1977 subsidiariis
521 1939 662 1989 repleri
684 1938 854 1989 placuit3
884 1952 1005 1989 eaque
1027 1952 1087 1976 res
1103 1944 1148 1976 ut
1162 1939 1319 1976 initium

123 2005 280 2056 pavoris
296 2018 339 2042 ac
359 2004 486 2055 fugae,
510 2004 562 2042 sic
583 2017 662 2042 una
682 2004 785 2042 salus
806 2003 1049 2055 fugientibus
1070 2004 1156 2041 fuit.
1216 2003 1319 2042 Nam

124 2070 315 2116 Brennus,
367 2069 571 2107 Gallorum
619 2068 788 2120 regulus,
827 2069 868 2106 in
911 2069 1108 2119 paucitate
1149 2068 1322 2107 hostium
