1438 2296
498 157 535 195 A
542 157 641 196 NCI
641 157 675 195 E
677 157 742 195 N]
746 158 751 166 '
777 156 894 195 ΗΘΜ
894 157 937 195 Ε.
1266 158 1289 196 3
1295 159 1314 196 7

123 258 397 299 obsidentibus
419 259 663 298 frumentum
683 259 934 309 populatores
955 272 1138 310 agrorum
1161 259 1317 310 praebe-

123 329 222 363 rent.
299 324 597 362 Proficiscentes
635 323 685 362 ab
722 323 818 362 urbe
857 323 991 362 Gallos
1028 323 1188 362 fortuna
1233 324 1316 375 ipsa

123 387 309 435 Ardeam,
329 387 397 426 ubi
431 387 622 426 Camillus
643 387 843 433 exulabat,
865 386 980 425 duxit
999 402 1008 434 ;
1035 386 1110 433 hic,
1131 388 1317 426 maestior

122 450 178 490 ibi
197 451 355 502 publica
374 451 534 490 fortuna
554 464 670 502 quam
692 464 772 497 sua,
796 457 958 502 repente
979 451 1091 490 audit
1111 451 1312 491 Gallorum

122 515 340 554 exercitum
369 515 596 561 adventare,
627 520 747 566 atque
775 514 824 553 de
854 529 899 554 eo
927 515 1092 566 pavidos
1122 515 1314 555 Ardeates

122 579 336 619 consulere.
387 579 517 628 Quum
538 593 578 618 se
598 579 638 617 in
659 579 830 618 mediam
851 579 1074 618 contionem
1097 580 1312 619 intulisset:

124 647 148 664 “
161 643 392 691 Ardeates‚''
421 643 564 694 inquit,
597 644 793 682 “fortuna
811 643 924 682 vobis
943 643 1023 694 jam
1043 644 1176 683 oblata
1196 650 1255 683 est
1274 651 1314 684 et

121 710 193 758 ‘pro
213 708 336 747 tantis
355 708 492 759 populi
512 708 681 746 Romani
701 708 900 746 beneficiis
919 709 1068 759 gratiae
1088 709 1313 749 referendae

121 777 162 811 et
188 771 281 811 huic
309 772 396 811 urbi
427 772 545 811 decus
565 771 657 810 belli
680 772 818 823 ingens
838 772 1027 823 pariendi.
1095 772 1170 821 Qui
1191 774 1313 812 effuso

120 836 275 888 agmine
295 836 524 884 adventant,
542 849 637 887 gens
651 842 711 875 est
727 837 788 874 cui
809 842 950 874 natura
968 849 1129 887 corpora
1149 837 1312 876 animos-

120 913 195 952 que
214 913 358 952 magna
376 900 500 951 magis
529 913 646 951 quam
676 901 788 938 firma
816 900 981 939 dederit.
1039 900 1096 939 Eo
1125 901 1163 939 in
1195 908 1312 940 certa-

120 964 227 1003 mina
247 965 334 1016 plus
353 964 515 1003 terroris
535 977 650 1015 quam
672 964 814 1002 virium
836 965 978 1002 ferunt.
1038 965 1285 1016 Argumento
1298 966 1313 991 ²

119 1029 172 1068 sit
191 1029 322 1068 clades
341 1029 521 1067 Romana
539 1044 548 1076 ;
576 1034 778 1079 patentem
799 1041 935 1078 cepere
955 1027 1090 1066 urbem
1106 1043 1116 1075 ;
1146 1042 1195 1066 ex
1226 1043 1311 1068 arce

119 1093 394 1145 Capitolioque
423 1093 484 1131 his
512 1093 654 1144 exigua
682 1105 802 1131 manu
830 1093 1036 1131 resistitur.
1094 1093 1186 1132 Jam
1215 1093 1312 1132 obsi-

118 1157 249 1197 dionis
268 1157 400 1196 taedio
421 1157 514 1196 victi
535 1156 763 1204 abscedunt,
779 1157 946 1208 vagique
962 1171 1030 1208 per
1050 1171 1162 1209 agros
1182 1158 1311 1209 palan-

118 1227 194 1261 tur.
264 1221 364 1261 Cibo
393 1221 566 1272 vinoq'ue
596 1221 748 1272 repleti,
781 1221 847 1260 ubi
882 1235 962 1260 nox
992 1222 1156 1273 appetit,
1189 1236 1310 1274 prope

117 1286 225 1326 n‘vos
257 1299 448 1338 aquarum
482 1286 566 1325 sine
600 1285 838 1324 stationibus
871 1299 914 1324 ac
948 1286 1136 1325 custodiis
1165 1287 1310 1338 passim

117 1351 289 1390 ferarum
330 1351 410 1389 ritu
457 1355 699 1389 sternuntur.
775 1350 817 1389 Si
855 1350 966 1389 vobis
1004 1350 1043 1388 in
1083 1351 1213 1390 animo
1251 1356 1310 1390 est

116 1415 273 1455 moenia
291 1421 424 1454 vestra
443 1415 557 1461 tueri,
579 1415 707 1465 prima
725 1414 861 1465 vigilia
881 1415 1008 1465 capite
1028 1428 1146 1462 arma,
1169 1429 1309 1467 meque

115 1479 168 1519 ad
186 1479 356 1528 caedem,
377 1493 457 1518 non
478 1478 527 1517 ad
547 1492 732 1530 pugnam,
754 1478 997 1529 sequimini.”

168 1544 363 1584 Omnibus
383 1557 612 1595 persuasum
633 1548 719 1581 erat
738 1548 896 1581 tantum
915 1542 1018 1582 bello
1038 1543 1166 1582 virum
1188 1545 1309 1583 nemi-

115 1622 206 1649 nem
219 1622 265 1648 eo
277 1614 453 1660 tempore
468 1621 560 1647 esse.
594 1607 700 1646 Dato
716 1607 849 1658 itaque
863 1607 893 1645 si
896 1621 984 1659 3ηο,
994 1608 1142 1658 primae
1151 1608 1308 1648 silentio

115 1674 246 1714 noctis*
261 1673 309 1712 ad
331 1679 465 1725 portas
484 1671 652 1712 Camillo
672 1672 843 1711 adfuere.
921 1671 1076 1723 Egressi
1098 1672 1203 1712 haud
1224 1687 1309 1724 pro-

115 1738 177 1778 cul
188 1738 298 1784 urbe,
313 1738 414 1776 sicut
432 1736 678 1788 praedictum
700 1741 795 1784 erat,
813 1742 941 1774 castra
957 1736 1159 1776 Gallorum
1177 1737 1308 1776 intuta

113 1802 369 1855 neglectaque
389 1802 438 1841 ab
457 1801 564 1840 omni
585 1806 696 1852 parte
720 1801 824 1839 nacti
849 1814 936 1839 cum
961 1801 1112 1852 ingenti
1139 1801 1307 1842 clamore

112 1865 322 1906 invadunt.
395 1865 603 1916 Nusquam
625 1864 829 1916 proelium,
852 1865 1034 1903 omnibus
1055 1864 1149 1904 loeis
1169 1865 1306 1904 caedes

113 1936 174 1971 est
190 1945 200 1979 ;
228 1943 391 1982 corpora
410 1929 517 1968 nuda
536 1935 576 1968 et
597 1942 733 1967 somno
754 1928 883 1967 soluta
910 1929 1170 1968 trucidantur.
1231 1930 1305 1969 Ex-

111 2001 260 2036 tremos
279 2000 424 2043 tamen,
447 2008 467 2034 e
487 1994 681 2034 cubilibus
701 1995 862 2041 excitos,
885 2007 1008 2045 pavor
1035 1994 1075 2033 in
1104 1995 1236 2046 fugam
1266 2001 1306 2034 et

111 2059 301 2113 quosdam
335 2060 375 2098 in
406 2059 536 2111 ipsum
576 2059 728 2098 hostem
768 2057 872 2097 tulit.
950 2058 1097 2110 Magna
1136 2072 1225 2110 pars
1264 2059 1303 2098 in
