1438 2296
520 139 774 178 ANCJENT
802 139 917 178 ROJJ
917 139 952 177 E
955 170 961 177 .
1290 139 1337 176 29

145 244 361 292 dictatoris,
409 244 592 284 omnibus
645 243 849 283 ordinibus
895 243 1053 282 obviam
1109 243 1252 288 effusis,
1301 247 1339 281 et

146 309 379 349 celebratior
405 322 523 360 quam
557 308 676 347 ullius
713 321 899 359 umquam
936 313 1052 346 antea
1088 308 1176 355 fuit,
1206 307 1341 346 trium-

146 373 327 426 phusque
369 378 601 413 consuetum
643 373 863 412 honorandi
906 372 1012 411 illius
1060 372 1137 411 diei
1180 371 1340 411 modum

147 438 323 477 excessit.
382 437 560 476 Maxime
598 442 828 488 conspectus
866 437 949 488 ipse
983 442 1053 483 est,
1089 450 1203 475 curru
1232 437 1341 487 equis

147 502 247 541 albis
262 502 403 553 juncto
423 502 563 541 urbem
582 502 762 541 invectus
781 517 787 540 :
817 502 935 552 idque
964 515 1102 553 parum
1130 514 1209 540 non
1229 500 1341 540 civile

147 567 266 606 modo
285 567 354 605 sed
382 566 597 605 humanum
627 567 774 605 etiam⁵
794 566 916 605 visum
942 572 1011 613 est,
1042 566 1341 616 triumphusque

148 631 199 670 ob
227 644 314 670 eam
344 644 463 669 unam
492 644 575 669 rem
606 630 747 669 clarior
775 644 893 682 quam
921 630 1070 682 gratior
1096 630 1181 668 fuit.
1240 630 1340 668 Tum

99 691 104 695 ”
147 695 299 734 Junoni
359 694 517 746 reginae
575 694 768 746 templum
826 695 867 733 in
928 694 1131 733 Aventino
1187 694 1341 739 locavit,

149 759 426 810 dedicavitque
472 759 654 797 Matutae
700 759 851 797 Matris.
911 758 1045 809 Atque
1092 758 1152 796 his
1198 758 1343 796 divinis

148 823 410 874 humanisque
429 823 546 861 rebus
564 823 686 874 gestis
706 823 902 861 dictatura
921 836 961 862 se
982 822 1189 862 abdicavit.

338 955 452 995 XIII.
484 955 577 994 THE
606 955 779 995 Comme
807 966 860 994 or
887 966 972 994 THE
1000 955 1156 995 GAULs.

649 1042 721 1071 nc.
756 1034 843 1070 391.

153 1142 247 1182 Hoc
277 1155 381 1181 anno
410 1141 465 1180 M.
497 1141 712 1190 Caedicius,
736 1141 784 1180 de
813 1142 926 1193 plebe
949 1142 1121 1193 quidam,
1143 1142 1345 1180 nuntiavit

152 1207 324 1246 tribunis
352 1219 393 1245 se
421 1207 462 1244 in
491 1219 595 1245 nova
614 1207 688 1253 via,
711 1207 778 1244 ubi
807 1219 911 1244 nunc
940 1207 1125 1246 sacellum
1149 1212 1207 1245 est
1227 1219 1346 1257 supra

152 1273 290 1313 aedem
318 1272 464 1311 Vestae
484 1285 620 1311 vocem
640 1272 767 1311 noetis
787 1272 944 1311 silentio
965 1272 1120 1311 audisse
1141 1272 1344 1311 clariorem

152 1339 335 1386 humana,
382 1351 482 1389 quae
529 1338 826 1389 magistratibus
877 1337 953 1376 dici
1000 1338 1159 1388 juberet
1211 1337 1345 1377 Gallos

153 1404 380 1443 adventare.
438 1402 497 1450 Id,
534 1408 578 1440 ut
610 1403 664 1448 fit,
697 1407 858 1453 propter
887 1403 1057 1440 auctoris
1079 1402 1345 1441 humilitatem

153 1474 342 1519 spretum,
363 1472 404 1505 et
423 1466 531 1517 quod
556 1466 773 1517 longinqua
798 1479 920 1516 eoque
945 1466 1116 1517 ignotior
1133 1480 1228 1517 gens
1249 1473 1341 1506 erat.

153 1532 293 1583 Neque
308 1531 470 1570 deorum
487 1530 604 1570 modo
619 1531 770 1569 monita
785 1537 916 1581 spreta
929 1536 1032 1577 sunt,
1051 1530 1119 1569 scd
1135 1530 1345 1570 humanam

154 1609 309 1648 quoque
342 1601 481 1646 opem,¹
512 1608 612 1645 quae
645 1608 724 1633 uua
751 1600 847 1642 erat,
868 1594 922 1633 M.
955 1594 1117 1633 Furium
1137 1594 1346 1634 Camillum

155 1661 203 1700 ab
240 1655 338 1699 urbe
375 1673 565 1699 amovere.
639 1659 726 1707 Qui,
762 1659 825 1698 die
863 1659 969 1698 dicta
1008 1659 1056 1698 ab
1095 1659 1136 1697 L.
1178 1660 1346 1711 Apuleio

156 1725 316 1763 tribuno
360 1723 485 1775 plebis
532 1729 694 1775 propter
732 1723 917 1773 praedam
954 1723 1227 1771 Veientanam,
1267 1725 1346 1763 filio

155 1802 310 1841 quoque
357 1788 603 1827 adolescente
641 1801 711 1839 per
749 1788 854 1826 idem
900 1793 1055 1839 tempus
1093 1789 1264 1834 orbatus
1305 1789 1346 1827 in

156 1854 319 1893 exilium
343 1853 454 1901 abiit,
475 1859 658 1904 precatus
681 1853 730 1891 ab
753 1853 814 1891 dis
839 1853 1128 1891 immortalibus
1153 1859 1198 1892 ut
1221 1854 1346 1904 primo

156 1931 312 1970 quoque
359 1918 564 1968 tempore2
605 1917 665 1956 sui
703 1917 942 1956 desiderium
980 1917 1133 1956 civitati
1171 1918 1346 1969 ingratae

157 1983 340 2021 facerent.

212 2045 388 2097 Expulso
419 2045 514 2092 cive,
547 2058 625 2096 quo
660 2051 856 2092 manente,
897 2045 928 2084 si
967 2045 1181 2096 quidquam
1218 2060 1346 2085 rerum
