1438 2296
516 115 771 156 ANCIENT
795 115 958 163 ROME.
1288 117 1335 153 27

195 220 379 260 Dictator
411 233 534 272 quum
561 220 645 271 jam
675 220 716 259 in
747 220 930 258 manibus
960 219 1115 259 videret
1133 220 1338 258 victoriam

141 298 235 334 esse,
257 286 396 325 urbem
420 284 760 336 opulentissimam
787 284 884 335 capi,
907 290 1143 335 tantumque
1172 283 1338 335 praedae

140 349 223 388 fore
253 355 449 401 quantum
477 362 557 388 non
588 349 771 388 omnibus
791 354 882 387 ante
902 348 1015 387 bellis
1035 349 1184 394 fuisset,
1205 348 1339 387 literas

140 413 191 452 ad
205 419 387 453 senatum
402 413 529 452 misit:
550 413 668 452 deum
684 413 968 452 immortalium
984 413 1240 463 benignitate,
1259 414 1339 452 suis

140 477 324 525 consiliis,
346 478 538 528 patientia
558 477 731 516 militum
751 477 872 516 Veios
891 477 972 528 jam
988 477 1070 516 fore
1087 478 1126 516 in
1143 483 1337 528 potestate

140 541 275 593 populi
295 541 488 590 Romani,
516 541 613 592 quid
633 541 682 580 de
703 541 848 593 praeda
863 541 1086 580 faciendum
1107 545 1336 581 censerent?

139 605 253 645 Duae
286 612 465 644 senatum
496 605 742 645 distinebant
773 607 1005 654 sententiae,
1026 606 1150 645 altera
1169 607 1273 645 senis
1292 607 1333 645 P.

97 679 101 682 ·
138 669 277 718 Licini,
295 671 357 709 cui
376 671 525 722 placuit
543 670 673 721 palam
693 670 839 722 populo
860 670 972 718 edici,
990 677 1036 709 ut
1055 671 1122 721 qui
1143 671 1338 722 particeps

139 747 222 773 esse
250 734 418 786 praedae
442 734 573 781 vellet,
595 735 634 773 in
663 742 791 773 castra
817 735 940 773 Veios
960 735 1036 774 iret
1050 751 1060 784 ;
1089 735 1211 773 altera
1230 735 1337 786 Appi

139 798 295 838 Claudii
325 799 392 850 qui
426 805 563 838 auctor
591 804 676 838 erat
695 799 884 850 stipendii
905 812 952 837 ex
974 812 1018 837 ea
1038 799 1202 850 pecunia
1220 799 1335 837 militi

138 863 385 911 numerandi,
424 870 470 902 ut
507 877 553 902 eo
591 864 723 902 minus
761 863 902 902 tributi
950 863 1084 914 plebes
1130 864 1334 902 conferret.

137 927 264 966 Licini
278 929 403 966 tutior
417 928 500 966 visa
514 928 711 966 sententia
727 932 786 966 est
801 941 900 978 quae
916 927 1145 978 popularem
1157 934 1335 967 senatum

137 992 293 1031 faceret.
352 991 537 1030 Edictum
566 992 699 1042 itaque
729 997 800 1038 est,
822 991 871 1030 ad
900 991 1086 1042 praedam
1115 992 1334 1039 Veientem,

137 1057 207 1107 qui
226 1056 386 1104 vellent,
408 1056 448 1094 in
470 1062 598 1094 castra
617 1056 667 1094 ad
687 1055 922 1095 dictatorem
943 1057 1291 1107 proficiscerentur.

191 1121 336 1172 Ingens
366 1121 546 1171 profecta
578 1120 794 1159 multitudo
825 1120 991 1171 replevit
1022 1128 1158 1160 castra.
1234 1122 1334 1161 Tum

137 1183 317 1233 dictator,
353 1198 474 1235 quum
513 1184 703 1223 edixisset
740 1191 786 1223 ut
823 1198 932 1223 arma
960 1185 1106 1224 milites
1138 1192 1333 1237 caperent,

141 1254 245 1288 “tuo
301 1248 460 1296 ductu,’'
508 1248 651 1300 inquit,
711 1249 917 1300 “Pythice
974 1250 1131 1300 Apollo,
1189 1257 1334 1302 tuoque

137 1314 299 1352 numine
332 1313 554 1360 instinctus,
590 1327 710 1364 pergo
739 1313 788 1352 ad
818 1313 1026 1352 delendam
1047 1315 1182 1354 urbem
1202 1315 1332 1364 Veios,

137 1378 288 1429 tibique
321 1377 514 1417 decimam
544 1383 697 1429 partem
730 1378 898 1429 praedae
936 1377 1095 1417 voveo.''
1153 1379 1251 1419 Inde
1284 1380 1334 1419 ab

136 1442 319 1481 omnibus
351 1441 446 1481 locis
475 1443 613 1481 urbem
645 1442 874 1494 aggreditur
907 1456 986 1494 quo
1014 1444 1144 1482 minor
1171 1445 1332 1495 periculi

136 1507 185 1546 ab
204 1507 382 1546 cuniculo
397 1507 618 1558 ingruentis
633 1520 769 1545 sensus
785 1507 964 1546 hostibus
980 1514 1094 1547 esset.
1142 1509 1332 1549 Veientes

135 1571 262 1622 ignari
296 1583 336 1609 se
360 1570 444 1621 jam
474 1584 496 1609 a
515 1571 596 1609 suis
616 1570 784 1619 vatibus,
800 1571 883 1621 jam
903 1571 953 1610 ab
973 1572 1148 1611 externis
1168 1573 1333 1612 oraculis

136 1634 313 1686 proditos
332 1647 427 1681 esse,
448 1648 567 1686 seque
585 1634 772 1673 ultimum
792 1635 904 1673 illum
924 1635 1030 1675 diem
1058 1649 1184 1688 agere,
1205 1650 1331 1688 neque

135 1699 379 1751 suspicantes
416 1699 591 1738 subrutis
629 1699 807 1738 cuniculo
845 1700 1050 1739 moenibus
1087 1714 1215 1740 arcem
1246 1702 1331 1753 jam

135 1763 292 1815 plenam
311 1763 485 1803 hostium
505 1777 598 1811 esse,
620 1764 661 1803 in
682 1777 814 1803 muros
833 1763 1070 1803 discurrunt.

188 1828 382 1868 Inseritur
414 1828 504 1867 huic
533 1828 617 1867 loco
645 1828 803 1867 sabula:
832 1829 1061 1868 immolante
1081 1843 1172 1882 rege
1192 1831 1331 1870 Veien-

137 1893 245 1938 tium,
255 1893 499 1945 haruspicem
516 1893 663 1932 dixisse
679 1893 714 1932 ei
735 1893 941 1932 victoriam
957 1893 1041 1933 dari
1058 1896 1126 1946 qui
1142 1901 1234 1934 exta
1246 1897 1330 1947 ejus

136 1958 285 1997 hostiae
305 1959 576 2009 prosecuisset.
617 1958 731 1997 Hanc
747 1971 893 2004 vocem,
912 1958 953 1997 in
973 1959 1152 1998 cuniculo
1172 1961 1330 1999 exaudi-

137 2029 227 2068 tam,
249 2023 417 2062 movisse
438 2023 636 2061 Romanos
656 2022 801 2061 milites
817 2028 863 2060 ut
882 2029 1019 2074 aperto
1039 2024 1218 2063 cuniculo
1237 2033 1328 2064 exta
