1438 2296
508 130 546 168 A
553 129 592 168 N
595 130 728 168 CIEN
729 130 751 168 'l
755 130 762 141 '
788 129 905 168 ΝΟΜ
905 129 947 167 Ε.
1276 131 1324 168 39

135 231 288 270 excitus
316 232 372 271 M.
403 233 578 271 Manlius
607 231 674 283 qui
705 232 877 270 triennio
907 237 998 270 ante
1027 232 1162 271 consul
1192 233 1328 280 fuerat,

135 296 196 334 vir
214 295 317 335 bello
337 297 527 348 egregius,
545 296 663 334 armis
691 296 858 346 arreptis
886 301 1113 347 ceterosque
1139 297 1255 335 simul
1281 297 1331 336 ad

134 373 244 398 arma
261 359 367 399 ciens
387 360 508 407 vadit,
532 366 572 399 et
592 359 687 398 dum
709 360 829 398 ceteri
852 360 1065 410 trepidant,
1087 360 1243 399 Gallum
1264 362 1330 412 qui

132 423 214 475 jam
243 424 286 463 in
315 437 469 463 summo
500 425 744 472 constiterat,
777 425 949 463 umbone
980 425 1102 463 ictum
1133 425 1328 464 deturbat.

135 488 259 539 Cujus
279 502 389 528 casus
409 502 529 540 quum
551 491 753 540 proximos
773 489 977 527 Gallorum
999 495 1203 535 sterneret,
1218 491 1332 541 trepi-

134 552 274 592 dantes
294 553 400 600 aHos,
424 553 619 604 armisque
635 553 789 592 omissis
809 567 904 591 saxa
920 554 1102 592 manibus
1119 554 1329 604 amplexos,

134 617 306 657 trucidat
343 618 528 656 Manlius.
587 618 758 668 Jamque
797 624 837 657 et
875 618 941 656 alii
980 619 1203 669 congregati
1244 619 1332 657 telis

66 676 68 678 ’
127 681 426 732 missilibusque
442 682 547 720 saxis
563 682 796 732 proturbare
813 682 955 730 hostes,
975 688 1136 733 totaque
1152 683 1333 734 prolapsa

134 747 234 786 acies
270 747 312 785 in
350 759 535 797 praeceps
573 746 728 785 deferri.
789 746 934 785 Sedato
973 746 1116 786 deinde
1159 747 1331 786 tumultu

134 810 329 861 reliquum
358 811 485 849 noctis
514 811 638 861 quieti
659 810 796 848 datum
817 816 886 849 est.
946 811 1049 850 Luce
1066 816 1162 858 orta,
1184 812 1332 850 vocatis

133 874 184 914 ad
203 874 412 914 concilium
434 875 637 920 militibus,
661 875 834 913 Manlius
865 876 1034 926 primum
1064 876 1114 914 ob
1142 876 1332 914 virtutem

134 939 318 978 laudatus
336 955 346 987 ;
367 946 451 978 tum
467 939 605 990 vigiles
621 939 707 989 ejus
723 939 795 977 loci
817 953 895 989 qua
914 939 1106 978 fefellerat
1121 939 1332 978 ascendens

135 1004 259 1043 hostis
274 1003 393 1042 citati.
441 1003 791 1051 Quum-:omuibus
807 1003 961 1054 culpam
978 1003 1017 1041 in
1034 1017 1158 1042 unum
1175 1004 1331 1055 vigilem

135 1068 445 1119 conjicientibus,
475 1068 517 1116 Q.
550 1067 756 1118 Sulpicius,
791 1068 975 1106 tribunus
1005 1068 1187 1116 militum,
1222 1081 1332 1107 reum

134 1133 220 1184 ejus
253 1146 379 1171 noxae
417 1132 731 1183 approbantibus
769 1133 919 1170 cunetis
958 1131 1006 1170 de
1044 1146 1139 1170 saxo
1176 1132 1328 1183 dejecit.

135 1197 234 1236 Inde
271 1197 505 1253 intentiores
543 1197 743 1247 utrimque
782 1196 982 1235 custodiae
1021 1210 1114 1242 esse,
1150 1201 1191 1234 et
1227 1197 1332 1247 apud

135 1261 271 1301 Gallos
304 1262 398 1312 quia
429 1261 635 1312 vulgatum
669 1268 754 1300 erat
792 1261 896 1299 inter
933 1261 1052 1299 Veios
1089 1261 1333 1312 Romamque

135 1327 294 1365 nuntios
314 1339 543 1373 commeare,
566 1331 606 1365 et
625 1325 731 1377 apud
753 1326 950 1364 Romanos
971 1325 1020 1364 ab
1040 1325 1222 1364 nocturni
1236 1325 1332 1376 peri-

135 1391 212 1431 culi
233 1391 430 1429 memoria.

189 1455 268 1495 Sed
302 1461 393 1494 ante
428 1455 559 1493 onmia
593 1454 811 1493 obsidionis
849 1453 1019 1504 bellique
1058 1453 1172 1504 mala,
1212 1454 1334 1492 fames

135 1525 348 1570 utrumque
365 1519 581 1558 exercitum
602 1518 777 1569 urgebat.
838 1518 1022 1556 Indutiae
1038 1518 1180 1556 deiude
1197 1518 1330 1566 factae,

136 1589 176 1624 et
195 1583 388 1635 colloquia
408 1583 600 1634 permissu
621 1583 902 1633 imperatorum
933 1582 1068 1620 habita
1084 1597 1094 1629 3
1122 1582 1162 1619 in
1192 1582 1334 1632 quibus

136 1661 259 1700 quum
279 1647 385 1687 Galli
406 1648 549 1686 famem
572 1647 760 1686 Romanis
782 1647 1010 1697 objicerent,
1030 1659 1152 1697 eaque
1173 1647 1335 1685 necessi·

137 1718 218 1752 tate
238 1713 288 1752 ad
322 1712 566 1751 deditionem
600 1725 665 1750 eos
685 1717 882 1758 vocarent,
919 1711 1066 1749 dicitur
1094 1711 1334 1750 avertendae

136 1777 221 1828 ejus
249 1777 448 1828 opinionis
477 1790 593 1815 causa
621 1776 756 1814 multis
786 1776 880 1814 locis
914 1775 1025 1826 panis
1059 1775 1109 1814 de
1139 1775 1336 1826 Capitolio

137 1843 307 1894 jactatus
335 1855 418 1881 esse
447 1842 488 1880 in
517 1841 689 1879 hostium
725 1841 925 1879 stationes
985 1839 1063 1879 Sed
1092 1840 1174 1890 jam
1210 1853 1336 1890 neque

137 1906 380 1946 dissimulari
400 1919 528 1957 neque
548 1906 641 1944 ferri
672 1905 775 1943 ultra
803 1906 925 1943 fames
955 1909 1122 1956 poterat.
1180 1904 1335 1955 Itaque,

139 1971 236 2010 dum
254 1971 426 2010 dictator
445 1970 663 2010 exercitum
684 1975 797 2020 parat
817 1982 895 2020 quo
916 1969 1021 2008 haud
1043 1969 1169 2020 impar
1188 1968 1335 2007 adoria-

141 2042 209 2076 tur
236 2035 382 2084 hostes,
403 2035 564 2075 interim
594 2033 842 2086 Capitolinus
872 2034 1077 2081 exercitus,
1101 2032 1337 2073 stationibus
