1438 2296
124 175 170 212 18
548 171 801 210 LEGENDS
830 171 896 210 OF

121 280 258 322 castra,
316 280 525 326 postquam
581 275 639 312 vis
695 278 832 325 aperta
891 287 1029 324 parum
1086 275 1314 325 profecerat,

120 341 361 379 munitiones
404 345 561 390 postero
609 339 672 378 die
719 339 974 377 circumdant.
1051 338 1158 387 Quae
1195 339 1317 389 prius-

122 419 237 456 quam
275 418 431 443 omnem
471 404 700 442 clauderent
738 404 899 450 exitum,
939 403 1114 454 quinque
1152 403 1315 453 equites,

121 470 226 508 inter
273 469 463 507 stationes
503 468 679 506 hostium
726 467 866 514 emissi,
907 467 1076 505 Romam
1121 466 1318 517 pertulere

123 533 322 572 consulem
345 533 639 582 exercitumque
669 531 850 570 obsideri.
910 531 1023 569 Nihil
1044 536 1125 568 tam
1145 530 1319 580 inopina-

127 602 212 636 tum
250 611 322 636 nec
360 603 442 635 tam
479 597 723 647 insperatum
762 595 934 634 accidere
977 595 1117 646 potuit.
1180 595 1319 644 Itaque

126 667 261 702 tantus
290 675 425 713 pavor,
447 666 560 699 tanta
586 660 799 711 trepidatio
819 661 906 708 fuit,
929 665 1088 710 quanta,
1111 659 1142 698 si
1168 659 1318 704 urbem,

127 741 207 767 non
254 732 391 773 castra,
437 726 571 764 hostes
617 725 854 763 obsiderent.
913 724 1044 772 Quum
1087 724 1320 762 dictatorem

126 792 203 830 dici
242 791 477 842 placuisset1
518 789 585 840 qui
624 802 707 827 rem
746 788 962 839 perculsam
1002 788 1241 836 restitueret,
1276 787 1318 825 L.

128 856 337 902 Quinctius
358 854 619 893 Cincinnatus
639 867 830 892 consensu
851 853 1027 891 omnium
1048 853 1204 891 dicitur.

178 921 221 959 L.
259 919 481 968 Quinctius,
519 931 606 968 spes
643 918 760 956 unica
788 918 943 968 imperii
973 917 1106 968 populi
1141 917 1320 965 Romani,

127 991 236 1024 trans
261 983 437 1022 Tiberim
466 996 603 1033 agrum
631 988 801 1032 quatuor
826 982 1009 1033 jugerum
1038 981 1201 1025 colebat.
1223 995 1322 1032 quae

127 1055 241 1101 prata
288 1048 474 1096 Quinctia
520 1054 722 1086 vocantur.
799 1046 872 1093 Ibi,
923 1047 1028 1097 operi
1077 1046 1223 1097 agresti
1268 1046 1324 1084 in-

127 1120 273 1161 tentus,
297 1113 346 1151 ab
366 1112 507 1163 legatis
527 1117 688 1162 rogatus
711 1116 756 1149 ut
776 1110 964 1149 mandata
989 1116 1147 1149 senatus
1167 1116 1324 1161 togatus

131 1179 297 1226 audiret,
333 1183 465 1228 togam
514 1190 534 1214 e
581 1176 739 1227 tugurio
777 1176 949 1226 proferre
996 1188 1159 1214 uxorem
1200 1175 1322 1226 jubet.

132 1244 219 1292 Qua
248 1242 400 1280 velatus
430 1241 592 1279 simulac
619 1240 780 1292 pulvere
810 1246 849 1278 et
876 1240 1017 1278 sudore
1044 1240 1218 1278 absterso
1241 1252 1326 1290 pro—

133 1309 259 1354 cessit,
282 1307 515 1346 dictatorem
536 1319 625 1344 cum
649 1305 767 1356 legati
793 1304 1036 1356 gratulantes
1057 1304 1257 1352 salutant3
1285 1304 1324 1342 in

130 1375 269 1413 urbem
304 1376 469 1420 vocant3
498 1371 564 1422 qui
594 1376 720 1409 terror
749 1370 800 1408 sit
828 1370 868 1407 in
899 1369 1075 1408 exercitu
1108 1374 1323 1420 exponunt.

131 1438 255 1477 Navis
285 1436 470 1485 Quinctio
507 1436 661 1487 publice
690 1440 828 1485 parata
862 1435 949 1481 fuit,
980 1440 1326 1485 transvectumque

132 1508 211 1542 tres
249 1502 329 1549 filii,
370 1501 528 1540 obviam
566 1499 720 1551 egressi,
762 1499 977 1549 excipiunt,
1014 1497 1106 1536 inde
1143 1498 1209 1536 alii
1242 1511 1325 1549 pro-

132 1567 272 1619 pinqui
302 1572 422 1616 atque
452 1565 580 1613 amici,
600 1571 686 1602 tum
717 1570 874 1615 patrum
895 1564 1022 1614 major
1050 1576 1147 1614 pars.
1207 1563 1328 1601 Ante-

133 1632 364 1671 cedentibus
403 1630 606 1669 lictoribus
641 1629 803 1667 domum
837 1628 1032 1666 deductus
1070 1634 1156 1675 est;
1189 1634 1228 1666 et
1261 1627 1329 1666 illa

133 1697 294 1748 quidem
315 1701 428 1734 nocte
448 1695 656 1745 vigilatum
677 1699 736 1732 est
757 1693 796 1731 in
817 1693 924 1731 urbe.

187 1762 351 1799 Postero
386 1759 450 1798 die
484 1759 666 1806 dictator,
697 1771 818 1809 quum
853 1763 944 1796 ante
975 1757 1101 1795 lucem
1130 1757 1170 1795 in
1200 1757 1329 1795 sorum

134 1826 319 1872 venisset,
359 1824 591 1875 magistrum
636 1823 814 1873 equitum
853 1822 950 1860 dicit
996 1822 1037 1860 L.
1080 1821 1329 1872 Tarquitium

134 1890 323 1942 patriciae
361 1889 501 1940 gentis,
543 1889 610 1939 qui
649 1887 751 1926 bello
789 1887 904 1938 longe
942 1887 1092 1937 primus
1131 1887 1330 1925 Romanae

131 1955 355 2007 juventutis
391 1954 551 1992 habitus
590 1959 659 1992 est.
720 1952 819 1992 Cum
854 1952 1042 2003 magistro
1080 1953 1257 2002 equitum
1290 1951 1329 1990 in

136 2021 358 2060 contionem
398 2020 519 2066 venit,
559 2018 761 2069 justitium
806 2017 935 2064 edicit,
976 2015 1106 2054 claudi
1150 2017 1331 2055 tabernas

137 2092 222 2125 tota
246 2085 341 2124 urbe
363 2084 490 2135 jubet,
515 2090 623 2122 vetat
652 2095 889 2133 quemquam
916 2081 1092 2132 privatae
1113 2080 1328 2131 quidquam
