1438 2296
489 133 744 172 ANCIENT
769 132 929 171 ROME.
1256 135 1301 171 21

231 303 278 344 Χ.
312 303 422 357 How
441 303 602 342 Cossus
623 303 733 341 WON
754 313 837 340 THE
857 302 1009 342 SromA
1030 302 1182 341 opum.

612 394 686 423 B.0.
712 385 799 423 437.

112 492 206 532 HOC
218 506 321 532 anno
334 492 519 540 Fidenae,
534 492 687 531 colonia
704 494 893 540 Romana,
910 492 959 530 ad
979 492 1133 530 Lartem
1147 492 1303 530 Tolum-

110 556 221 595 nium
242 556 470 595 Veientium
490 570 620 607 regem
641 556 828 595 defecere.
886 556 1021 607 Majus
1041 556 1221 594 additum
1244 562 1303 595 est

113 620 326 660 defectioni
348 620 475 660 scelus
491 636 500 669 ;
520 621 670 672 legatos
690 621 904 668 Romanos,
927 634 1082 659 causam
1103 621 1196 659 novi
1217 634 1303 659 con-

83 690 87 694 ”
110 684 186 723 silii
208 691 454 736 quaerentes,
472 685 586 735 jussu
607 685 807 723 Tolumnii
828 685 1121 723 interfecerunt.
1199 684 1299 723 Cum

109 749 346 789 Veientibus
372 749 710 800 Fidenatibusque
739 755 854 788 atrox
883 749 1083 788 dimicatio
1112 749 1297 789 instabat.

111 813 300 853 Consules
329 820 512 852 creantur
540 814 598 852 M.
628 814 828 865 Geganius
857 814 1082 853 Macerinus
1109 814 1300 862 tertium)

109 883 150 917 et
182 879 226 917 L.
264 879 424 930 Sergius
458 878 652 926 Fidenas,
700 891 817 929 quem
851 878 966 917 credo
1000 892 1022 917 a
1054 879 1156 917 bello
1194 879 1299 930 quod

110 942 254 982 deinde
273 944 396 994 gessit
415 943 656 993 appellatum
677 956 770 981 csse.
830 943 906 981 Hic
934 943 1038 981 enim
1068 943 1217 993 primus
1247 943 1300 982 cis

109 1007 304 1046 Anienem
325 1007 471 1046 flumen
493 1021 581 1046 cum
602 1021 691 1058 rege
711 1007 940 1046 Veientium
961 1007 1131 1047 secundo
1152 1008 1300 1059 proelio

109 1072 287 1111 conflixit
319 1085 391 1111 nec
425 1072 673 1110 incruentam
707 1071 911 1110 victoriam
947 1072 1092 1110 retulit.
1170 1072 1300 1123 Major

108 1136 241 1188 itaque
273 1149 323 1175 ex
357 1136 508 1175 civibus
540 1136 691 1174 amissis
724 1136 836 1174 dolor
869 1149 985 1187 quam
1020 1137 1171 1175 laetitia
1203 1138 1300 1176 susis

107 1200 288 1240 hostibus
318 1200 395 1239 fuit
409 1215 418 1248 ;
449 1206 489 1239 et
519 1206 690 1246 senatus,
713 1201 816 1238 utin
837 1200 1002 1250 trepidis
1032 1201 1157 1248 rebus,
1180 1201 1299 1240 ‹licta-

108 1271 234 1304 torem
248 1265 325 1303 dici
338 1265 582 1304 Mamercum
603 1264 815 1303 Aemilium
835 1264 962 1315 jussit.
1013 1265 1051 1303 Is
1066 1265 1299 1316 magistrum

108 1329 289 1381 equitum
309 1328 353 1368 L.
379 1329 610 1377 Quinctium
631 1329 920 1375 Cincinnatum,
943 1329 1105 1380 dignum
1137 1336 1299 1380 parente

106 1395 294 1446 J'uvenem
315 1394 428 1432 dixit.
487 1393 554 1432 Ad
585 1393 781 1432 delectum
813 1406 835 1431 a
865 1393 1089 1432 consulibus
1119 1393 1298 1433 habitum

107 1458 356 1497 centuriones
372 1463 524 1497 veteres
536 1457 629 1497 belli
644 1458 759 1509 periti
776 1457 920 1507 adjecti
934 1463 1038 1505 sunt,
1053 1463 1092 1496 et
1113 1471 1299 1498 numerus

107 1523 340 1561 amissorum
368 1522 550 1573 proxima
578 1536 711 1573 pugna
741 1521 930 1573 expletus.
1003 1521 1185 1560 Dictator
1207 1523 1299 1562 inde

106 1586 240 1626 hostes
278 1601 327 1626 ex
369 1600 464 1638 agro
504 1588 684 1625 Romano
724 1591 832 1624 trans
862 1586 1057 1624 Anienem
1086 1587 1297 1634 submovit,

107 1651 303 1703 collesque
323 1652 428 1690 inter
446 1651 616 1690 Fidenas
637 1657 755 1702 atque
777 1651 971 1689 Anienem
992 1651 1104 1701 cepit,
1121 1663 1191 1690 nec
1208 1657 1299 1690 ante

107 1716 149 1755 in
180 1729 338 1767 campos
371 1716 576 1767 degressus
610 1721 669 1754 est
703 1729 821 1765 quam
854 1715 1026 1766 legiones
1060 1715 1299 1755 Faliscorum

108 1781 254 1820 auxilio
287 1785 493 1819 venerunt.
552 1780 654 1818 Tum
690 1779 848 1818 demum
883 1785 1009 1818 castra
1042 1779 1299 1819 Etruscorum

107 1859 178 1897 pro
215 1846 421 1886 moenibus
460 1846 700 1885 Fidenarum
739 1846 869 1897 posita
899 1851 1014 1894 sunt;
1057 1852 1097 1885 et
1131 1847 1301 1886 dictator

107 1910 214 1950 haud
246 1911 381 1962 procul
415 1911 507 1950 inde
542 1911 591 1950 ad
626 1912 868 1950 confluentes
901 1911 1090 1957 consedit,
1122 1911 1226 1950 vallo
1259 1912 1299 1950 in

107 1975 204 2027 ripis
223 1976 431 2027 utriusque
451 1975 577 2014 amnis
597 1975 844 2027 interposito.
914 1974 1078 2014 Postero
1111 1975 1175 2014 die
1209 1989 1299 2015 suos

108 2041 147 2078 in
168 2040 290 2079 aciem
311 2040 458 2079 eduxit.
