1438 2296
99 168 142 203 12
521 166 775 204 LEGENDS
803 167 869 204 OF

299 269 391 308 VII.
424 269 517 308 ΤΗΕ
546 269 688 308 STORY
717 280 770 309 or
798 270 1082 310 CORIOLANUS.

542 349 618 378 ec.
660 341 842 379 492-488.

135 410 198 439 The
217 411 379 439 Vol-scians
394 419 469 439 were
483 419 503 438 a
519 411 597 439 tribe
611 411 646 439 in
666 411 794 439 Latium
809 411 874 440 who
890 420 965 441 were
986 411 1163 449 repeatedly
1176 414 1209 441 at
1224 420 1291 441 war

96 460 164 489 with
180 460 284 496 Rome,
302 460 370 489 and
385 469 459 489 were
474 460 656 496 notfinally
672 461 846 497 conquercd
860 461 912 490 till
928 461 1005 491 Bc.
1023 461 1091 491 338.

149 526 296 565 Consul
317 526 367 564 ad
387 526 574 564 Volscum
588 526 733 564 bellum
749 527 891 565 missus
907 527 1095 578 oppidum
1116 526 1292 566 Coriolos

97 604 238 642 magna
276 591 315 628 vi
353 590 515 629 adortus
554 596 623 629 est.
682 591 779 629 Erat
817 596 903 629 tum
939 592 981 629 in
1019 591 1156 629 castris
1187 591 1293 629 inter

96 656 284 705 primores
305 655 497 705 juvenum
528 654 597 693 Cu.
630 655 816 701 Marcius,
839 655 902 693 cui
921 668 1137 706 cognomen
1156 661 1294 705 postea

96 720 304 758 Coriolano
339 720 426 757 fuit.
499 719 605 757 Dum
641 719 836 758 exercitus
875 719 1077 758 Romanus
1115 719 1292 758 Coriolos

96 783 260 830 obsidet,
284 784 367 822 sine
386 783 468 822 ullo
497 789 605 821 metu
638 783 880 821 extrinsecus
913 782 1156 821 imminentis
1186 781 1290 828 belli,

96 849 267 899 legiones
328 847 494 886 Volscae
555 847 604 885 ab
659 847 784 885 Antio
839 847 1036 898 profectae
1082 846 1290 892 invadunt,

97 912 312 963 eodemque
361 917 536 962 tempore
591 924 641 950 ex
696 911 841 962 oppido
889 916 1103 961 eruperunt
1147 911 1290 949 hostes.

98 978 281 1025 Marcius,
321 977 389 1028 qui
435 977 537 1015 forte
584 976 625 1013 in
645 976 816 1014 statione
864 980 960 1022 erat,
1008 988 1097 1013 cum
1143 975 1294 1014 delecta

98 1042 267 1080 militum
314 1054 434 1079 manu
482 1053 562 1078 non
608 1040 727 1078 modo
774 1040 966 1090 impetum
1003 1039 1293 1090 erumpentium

97 1106 258 1152 retudit,
281 1106 350 1144 sed
385 1119 455 1155 per
488 1109 692 1156 patentem
725 1110 879 1154 portam
914 1104 1069 1155 irrupit,
1100 1104 1294 1154 caedeque

96 1172 209 1217 facta,
249 1170 435 1209 aedificiis
477 1182 590 1207 muro
637 1169 939 1207 imminentibus
977 1169 1108 1220 ignem
1145 1168 1291 1218 injecit.

100 1235 195 1274 Inde
231 1234 520 1285 oppidanorum
556 1239 666 1272 ortus
697 1233 842 1271 clamor
880 1239 920 1272 et
957 1233 1145 1272 Romanis
1182 1233 1295 1271 auxit

98 1300 272 1338 animum
304 1305 343 1337 et
376 1298 540 1337 Volscos
561 1297 628 1348 qui
658 1297 707 1336 ad
736 1297 936 1336 ferendam
959 1310 1073 1348 opem
1093 1302 1295 1346 venerant,

97 1369 235 1415 utpote
269 1369 383 1414 capta
416 1363 526 1408 urbe,
560 1362 749 1401 turbavit.
819 1362 882 1401 Ita
914 1362 992 1401 fusi
1025 1369 1118 1401 sunt
1150 1362 1293 1410 Volsci,

99 1428 243 1467 Corioli
265 1428 454 1479 oppidum
476 1434 644 1478 captum.

154 1493 208 1531 M.
232 1493 409 1531 Minucio
431 1497 470 1530 et
489 1492 537 1530 A.
560 1491 793 1543 Sempronio
823 1491 1056 1539 consulibus,
1077 1505 1220 1543 magna
1236 1491 1296 1530 vis

99 1558 290 1597 frumenti
310 1571 359 1596 ex
379 1557 514 1596 Sicilia
533 1557 698 1595 advecta
717 1562 787 1604 est,
810 1557 1078 1607 agitatumque
1097 1557 1138 1595 in
1158 1563 1296 1596 senatu

98 1622 265 1673 quantil
304 1621 409 1673 plebi
447 1621 619 1660 daretur.
678 1620 800 1659 Multi
842 1634 891 1659 ex
928 1620 1106 1672 patribus
1144 1621 1296 1660 venisse

98 1692 253 1737 tempus
269 1686 464 1737 putabant
480 1685 735 1737 recuperandi
751 1685 863 1736 jura2
882 1698 981 1736 quae
997 1685 1071 1723 sibi
1088 1685 1125 1723 vi
1141 1691 1298 1724 extorta

99 1756 236 1789 essent.
325 1751 372 1789 In
430 1750 568 1801 primis
628 1749 801 1788 Marcius
867 1749 1111 1796 Coriolanus,
1173 1749 1298 1789 hostis

98 1816 332 1854 tribuniciae
348 1815 569 1865 potestatis,
591 1819 612 1836 “
629 1814 661 1853 51
677 1817 909 1861 annonam‚''
926 1814 1068 1865 inquit,
1085 1818 1106 1835 ‘⁴
1123 1820 1295 1853 veterem

99 1880 249 1928 volunt,
266 1882 332 1930 jus
362 1879 764 1932 pristinum-reddant
793 1878 1008 1930 patribus.''
1064 1879 1116 1918 Et
1145 1879 1295 1918 senatui

99 1945 216 1984 nimis
250 1950 365 1983 atrox
395 1945 490 1983 haec
525 1944 723 1982 sententia
756 1944 840 1982 visa
873 1950 943 1991 est,
979 1950 1017 1982 et
1050 1943 1204 1995 plebem
1242 1945 1299 1982 ira

99 2024 218 2062 prope
239 2010 416 2048 armavit.
494 2009 662 2048 Tribuni
691 2008 796 2047 diem
823 2009 974 2047 Marcio
995 2008 1212 2056 clixe1·unt,³
1231 2009 1298 2060 qui

99 2088 219 2126 quum
259 2075 323 2113 die
358 2074 463 2112 dicta
501 2087 581 2112 non
620 2073 784 2120 adesset,
826 2073 1035 2112 damnatus
1073 2073 1212 2111 absens
1258 2073 1296 2111 111
