1438 2296
486 123 741 162 ANCIENT
767 123 928 162 ROME.
1281 126 1300 163 7

114 231 340 275 graverunt‚
359 225 494 264 urbem
515 225 639 277 ipsam
656 225 861 277 praesidiis
876 227 1142 265 firmaverunt.
1200 227 1304 266 Pons

117 288 313 328 Sublicius
349 290 425 328 iter
462 303 585 340 paene
622 289 802 329 hostibus
840 290 973 338 dedit;
1017 291 1084 329 sed
1114 305 1216 330 unus
1244 292 1306 330 vir

116 351 307 392 Horatius
327 353 475 401 Cocles,
496 354 564 405 qui
593 354 693 393 forte
723 355 763 393 in
793 355 964 393 statione
994 356 1126 406 pontis
1154 356 1306 406 positus

116 423 211 463 erat,
239 431 361 469 quum
391 418 617 457 Janiculum
648 420 855 469 repentino
884 419 1035 469 impetu
1065 427 1223 470 captum
1253 420 1306 458 vi-

116 480 249 527 disset,
271 482 542 533 trepidamque
562 482 721 521 suorum
751 483 906 521 turbam
937 496 1045 521 arma
1073 483 1306 534 ordinesque

116 545 349 597 relinquere,
365 547 571 585 admonuit
591 553 635 585 ut
656 553 816 597 pontem
832 547 934 586 ferro
950 552 1067 598 atque
1087 547 1169 598 igni
1189 548 1307 587 inter-

117 616 355 661 rumperent.
415 610 604 649 Promisit
639 624 689 658 se,
721 618 915 661 quantum
944 611 1006 649 vir
1034 624 1135 649 unus
1163 617 1304 662 posset.

67 677 72 681 ”
116 673 250 713 hostes
270 680 540 714 sustenturum
562 688 656 714 esse.
713 675 835 713 Vadit
856 675 948 714 inde
968 675 1017 714 ad
1038 676 1208 726 primum
1229 676 1307 714 adi,

117 744 203 777 tum
231 739 363 790 pontis
378 754 388 787 ς
416 739 514 778 duos
543 745 674 778 tamen
705 753 754 778 ex
784 739 972 778 Romanis
1001 739 1127 791 pudor
1155 754 1242 778 cum
1262 754 1307 780 eo

117 803 258 851 tenuit,
280 803 345 854 Sp.
368 803 548 842 Lartium
575 817 617 842 ac
637 803 680 842 T.
704 803 964 842 Herminium.
1033 804 1134 843 Cum
1153 804 1215 843 his
1233 805 1308 855 pri-

117 881 222 907 mam
241 867 405 918 periculi
423 867 631 918 procellam
660 881 871 919 parumper
898 868 1096 907 sustinuit.
1152 868 1308 908 Deinde

118 946 185 972 eos
204 945 359 983 quoque
381 933 497 983 ipsos,
511 933 653 984 exigua
674 939 782 984 parte
802 933 935 983 pontis
954 932 1100 980 relicta,
1115 933 1154 971 in
1175 939 1307 972 tutum

119 997 257 1037 cedere
277 997 414 1049 coegit.
473 997 763 1037 Circumferens
782 997 875 1036 inde
895 997 1028 1036 oculos
1050 997 1100 1036 ad
1128 1011 1308 1049 proceres

119 1062 385 1109 Etruscorum,
409 1074 513 1100 nunc
544 1061 718 1112 singulos
750 1061 999 1112 provocabat,
1036 1075 1141 1100 nunc
1174 1075 1308 1101 omnes

119 1125 357 1176 increpabat.
455 1124 715 1175 Aliquamdiu
748 1125 922 1164 cunctati
955 1131 1049 1163 sunt
1081 1125 1176 1164 dum
1209 1125 1309 1165 alius

120 1189 239 1228 alium
278 1188 579 1238 circumspectat
616 1194 660 1226 ut
697 1188 888 1239 proelium
928 1188 1101 1239 incipiat.
1175 1188 1311 1228 Pudor

121 1253 263 1293 deinde
284 1253 496 1292 commovit
516 1253 649 1299 aciem,
667 1258 707 1291 et
722 1252 889 1292 clamore
909 1252 1063 1292 sublato
1078 1252 1253 1304 undique
1269 1254 1310 1292 in

121 1332 243 1358 unum
263 1317 417 1356 hostem
439 1317 517 1356 tela
537 1317 761 1367 conjiciunt.
821 1317 928 1365 Quae
949 1330 1072 1368 quum
1093 1317 1134 1356 in
1155 1318 1309 1368 obiecto

121 1389 232 1424 scuto
263 1387 402 1421 cuncta
429 1381 656 1429 haesissent,
679 1395 807 1432 neque
837 1381 967 1420 minus
996 1382 1218 1420 obstinatus
1245 1382 1310 1422 ille

123 1453 284 1501 pontem
303 1447 510 1493 obtineret,
531 1446 613 1497 jam
641 1446 793 1496 impetu
821 1446 924 1484 facto
945 1446 1075 1484 virum
1095 1445 1308 1486 detrudere

123 1512 377 1558 conabantur,
413 1524 534 1562 quum
563 1510 678 1548 simul
711 1510 843 1561 fragor
875 1510 981 1560 rupti
1014 1510 1160 1561 pontis,
1194 1511 1311 1549 simul

123 1577 270 1618 clamor
288 1576 556 1615 Romanorum
577 1587 720 1626 pavore
741 1574 874 1613 subito
894 1574 1088 1625 impetum
1109 1574 1309 1614 sustinuit.

124 1643 226 1682 Tum
245 1640 392 1687 Cocles,
415 1639 635 1678 “Tiberine
664 1638 810 1689 pater‚'’
838 1639 980 1690 inquit,
1005 1644 1075 1678 “te
1103 1652 1240 1690 precor
1267 1645 1314 1678 ut

123 1707 219 1747 haec
239 1718 347 1744 arma
366 1710 407 1744 et
425 1704 529 1742 hunc
549 1704 713 1742 militem
735 1703 909 1754 propitio
929 1703 1091 1742 flumine
1111 1703 1313 1754 accipias.”

126 1771 225 1811 Inde
245 1776 418 1809 armatus
437 1769 478 1808 in
499 1769 673 1807 Tiberim
687 1767 857 1815 desiluit,
873 1767 1086 1818 multisque
1106 1769 1315 1819 superinci-

126 1835 313 1876 dentibus
345 1834 434 1874 telis
470 1833 678 1872 incolumis
716 1831 765 1870 ad
802 1845 892 1870 suos
929 1832 1114 1870 tranavit.
1191 1833 1316 1873 Grata

127 1914 220 1952 erga
248 1905 399 1938 tantam
433 1899 623 1936 virtutem
643 1897 781 1935 civitas
806 1897 882 1935 fuit
897 1911 907 1945 3
937 1902 1068 1935 statua
1098 1896 1254 1936 Horatii
1275 1898 1315 1937 in

127 1965 288 2006 comitio
320 1964 459 2015 posita,
495 1963 579 2014 agri
611 1968 806 2013 quantum
839 1974 919 2000 uno
957 1960 1021 2000 die
1059 1961 1316 2003 circumarare

127 2030 260 2082 potuit
278 2029 416 2068 datum
435 2032 506 2067 est.
