1438 2296
94 140 116 175 8
519 140 773 179 LEGENDS
801 141 867 179 OF

227 305 275 345 V.
306 307 399 346 THE
428 307 604 347 DARING
632 319 684 347 OF
712 309 887 349 Mucms
916 310 1148 350 SCAEVOLA.

592 394 669 424 Bc.
701 387 789 425 508.

94 487 218 527 URBE
245 489 294 527 ab
324 488 491 528 Horatio
521 496 685 538 servata,
717 492 870 531 obsidio
908 498 993 532 erat
1029 493 1285 531 nihilominus

93 558 133 591 et
146 552 333 591 frumenti
347 554 490 605 inopia,
501 554 751 606 sedendoque
764 563 1082 607 expugnaturum
1095 570 1134 595 se
1147 557 1285 595 urbem

93 617 267 655 Porsena
287 618 480 668 sperabat,
504 632 625 669 quum
649 619 689 659 C.
708 620 874 666 Mucius,
889 621 1113 659 adolescens
1129 621 1283 667 nobilis,

93 694 234 731 magno
255 681 471 732 audacique
487 682 657 721 facinore
673 697 758 722 eam
773 684 1071 735 indignitatem¹
1088 685 1287 723 vindican-

96 744 188 783 dam
208 759 292 784 esse
311 752 433 792 ratus,
450 760 520 785 sua
536 754 676 797 sponte
691 748 732 786 in
748 748 921 787 hostium
939 755 1065 787 castra
1079 755 1285 800 penetrare

93 809 309 848 constituit.
366 809 482 857 Dein,
504 817 685 850 metuens
705 825 766 860 ne,
789 813 821 850 si
843 812 1046 851 consulum
1069 813 1224 864 injussu
1246 819 1286 852 et

93 874 239 925 ignaris
259 874 441 913 omnibus
455 875 470 899 2
498 875 584 921 iret,
606 875 707 915 forte
728 876 995 927 deprehensus
1015 891 1038 915 a
1057 877 1285 916 custodibus

94 938 281 978 Romanis
325 939 592 978 retraheretur
629 945 676 978 ut
713 941 928 992 transfuga,
969 948 1149 980 senatum
1189 942 1285 980 adit.

95 1002 314 1042 “Transire
347 1003 556 1050 Tiberim,”
591 1003 733 1055 inquit,
771 1010 793 1026 “
805 1011 948 1056 patres,
985 1011 1026 1044 et
1059 1006 1216 1053 intrare,
1252 1005 1286 1044 si

94 1068 251 1118 possim,
267 1074 394 1106 eastra
423 1068 599 1107 hostium
620 1068 720 1117 volo,
736 1082 815 1108 non
836 1070 982 1120 praedo
1003 1084 1073 1109 nce
1095 1071 1287 1123 populati-

97 1145 216 1170 onum
259 1132 388 1181 ultor3
435 1133 574 1183 majus,
607 1132 667 1171 dis
703 1133 946 1184 juvantibus,
978 1135 1018 1173 in
1058 1136 1189 1174 animo
1227 1140 1287 1174 est

99 1196 286 1235 facinus.’'
342 1197 580 1249 Approbant
614 1204 754 1249 patres.
811 1199 963 1238 Abdito
997 1200 1102 1238 intra
1134 1207 1285 1240 vestem

98 1261 201 1301 ferro
232 1262 503 1313 proficiscitur.
577 1263 659 1302 Ubi
690 1276 736 1302 eo
769 1264 890 1312 venit,
925 1265 966 1302 in
1000 1265 1286 1304 confertissima

98 1326 216 1364 turba
250 1340 370 1378 prope
405 1327 558 1378 regium
593 1328 766 1366 tribunal
800 1329 986 1367 constitit.
1070 1329 1131 1368 Ibi
1164 1343 1285 1381 quum

98 1390 341 1442 stipendium
362 1391 557 1430 militibus
578 1392 677 1430 sorte
699 1392 868 1440 daretur,
888 1399 927 1431 et
943 1394 1077 1437 scriba,
1091 1408 1178 1433 cum
1195 1408 1284 1445 rege

96 1455 237 1494 sedens
258 1456 343 1506 pari
364 1456 444 1494 fere
465 1462 619 1504 ornatu,
641 1456 767 1495 multa
787 1463 930 1508 ageret,
953 1457 1120 1505 Mucius,
1141 1459 1284 1498 timens

95 1520 287 1558 sciscitari
327 1527 417 1559 uter
453 1520 627 1560 Porsena
665 1528 777 1570 esset,
811 1535 861 1561 ne
899 1535 1031 1574 regem
1067 1523 1285 1575 ignorando

95 1590 220 1624 semet
250 1585 334 1636 ipse
368 1585 538 1636 aperiret
567 1586 654 1637 quis
684 1592 798 1633 esset,
819 1587 984 1626 scribam
1014 1601 1085 1639 pro
1112 1602 1202 1640 rege
1221 1589 1286 1628 ob-

94 1655 268 1689 truncat.
341 1650 441 1689 Inde
474 1650 569 1689 dum
602 1664 672 1702 per
705 1652 900 1703 trepidam
934 1653 1091 1691 turbam
1123 1660 1285 1693 cruento

93 1728 280 1754 mucrone
301 1715 404 1754 viam
427 1715 502 1754 sibi
531 1715 614 1767 ipse
643 1716 749 1762 facit,
771 1717 868 1768 regii
897 1717 1086 1757 satellites
1115 1731 1286 1769 compre-

94 1780 260 1819 hensum
273 1781 288 1805 3
307 1786 569 1819 retraxerunt.
626 1781 733 1820 Ante
753 1781 927 1820 tribunal
942 1783 1044 1833 regis
1059 1783 1284 1830 destitutus,

94 1851 177 1883 tum
201 1858 359 1896 quoque
389 1845 494 1884 inter
523 1850 654 1884 tantas
684 1847 866 1885 fortunae
895 1847 1021 1886 minas
1050 1848 1286 1887 metuendus

94 1909 218 1960 magis
239 1923 356 1960 quam
377 1915 568 1958 metuens,
593 1910 826 1949 “Romanus
841 1911 964 1959 sum‚’'
983 1912 1114 1963 inquit
1136 1913 1286 1960 “civis3

96 1971 136 2011 C.
167 1972 343 2011 Mucium
370 1978 525 2011 vocant.
585 1972 751 2012 Hostis4
782 1973 936 2013 hostem
957 1975 1131 2014 occidere
1166 1975 1284 2021 volui,

95 2049 166 2075 nec
212 2037 262 2075 ad
307 2042 474 2076 mortem
521 2037 652 2076 minus
696 2038 817 2077 animi
865 2044 925 2078 est
967 2053 1086 2091 quam
1117 2040 1193 2079 fuit
1235 2041 1286 2080 ad
