1438 2296
88 148 109 184 2
511 144 766 183 LEGENDS
793 143 858 183 OF

87 250 163 288 lem
184 249 359 300 vagitum
381 262 538 287 cursum
563 248 726 286 flexisse.
786 248 884 286 Eam
905 260 1093 285 mammas
1119 246 1278 285 infanti-

87 314 161 353 bus
189 314 444 365 praebentem
483 327 506 351 a
546 313 734 363 magistro
767 313 865 363 regii
895 312 1046 362 pecoris
1073 312 1278 350 inventam

89 392 181 417 esse.
243 378 346 416 Huic
380 378 411 416 F
414 376 597 416 austulo3
635 391 778 415 nomen
814 377 934 415 fuisse
970 376 1114 423 ferunt,
1149 375 1200 414 ab
1233 387 1279 414 eo

89 442 299 481 Larentiae
319 441 434 480 uxori
453 441 676 480 educandos
696 441 809 479 datos
828 454 921 479 esse.

143 507 208 544 Ita
242 506 367 558 geniti
404 506 538 556 itaque
577 505 744 551 educati,
786 518 906 556 quum
945 504 1116 555 primum
1155 502 1281 542 adole-

91 575 235 610 verunt
271 570 452 609 venando
489 569 752 620 peragrabant
798 569 930 607 saltus.
1001 568 1105 606 Hinc
1141 567 1282 606 robore

93 635 321 685 corporibus
368 634 585 684 animisque
632 640 802 684 sumpto,
841 633 883 671 in
920 633 1093 671 latrones
1138 631 1284 683 praeda

94 704 256 738 onustos
320 699 492 749 impetus
550 697 747 736 faciebant
806 697 1106 747 pastoribusque
1169 700 1284 746 rapta

94 763 336 801 dividebant.
393 762 492 800 Tum
517 761 700 806 latrones,
722 761 771 799 ob
794 761 892 799 iram
920 760 1086 812 praedae
1107 760 1282 807 amissae,

95 829 265 867 Remum
303 840 352 865 ex
384 826 538 864 insidiis
571 831 772 876 ceperunt,
807 831 965 876 captum
1003 824 1086 876 regi
1124 823 1285 863 Amulio

96 891 358 939 tradiderunt,
400 890 575 929 dicentes
619 890 790 940 impetus
826 890 868 927 in
905 889 1127 928 Numitoris
1172 901 1286 939 agros

97 970 120 995 a
156 956 344 994 fratribus
381 954 475 993 fieri.
546 953 685 1004 Itaque
723 953 926 992 Numitori
964 953 1014 992 ad
1052 953 1288 1004 supplicium

99 1021 245 1059 Remus
266 1019 434 1058 deditur.

150 1085 177 1123 J
179 1098 243 1123 am
269 1084 318 1122 ab
338 1083 454 1121 initio
475 1082 664 1121 Faustulo
692 1095 780 1133 spes
800 1082 929 1121 fuerat
955 1082 1102 1133 regiam
1125 1081 1287 1132 stirpem

99 1148 204 1200 apud
231 1161 270 1186 se
299 1147 457 1186 educari
473 1162 484 1195 3
512 1160 604 1185 nam
633 1153 672 1185 et
701 1147 900 1197 expositos
933 1159 1015 1185 esse
1039 1146 1154 1197 jussu
1186 1145 1289 1196 regis

100 1213 272 1251 infantes
301 1212 457 1258 sciebat,
490 1216 531 1249 et
556 1217 722 1261 tempus,
753 1224 831 1261 quo
856 1211 939 1261 ipse
966 1224 1031 1249 eos
1054 1210 1286 1257 sustulisset,

101 1277 151 1315 ad
179 1276 220 1314 id
248 1277 406 1326 ipsum4
428 1288 646 1326 congruere
664 1290 674 1323 3
702 1275 770 1313 sed
793 1288 875 1313 rem
894 1275 969 1313 nisi
994 1288 1065 1325 per
1086 1275 1291 1313 necessita-

101 1347 182 1380 tem
215 1341 366 1391 aperire
394 1339 584 1378 noluerat.
643 1339 735 1378 Jam
767 1345 876 1378 metu
909 1340 1093 1378 subactus
1122 1338 1291 1378 Romulo

102 1419 184 1444 rem
213 1405 349 1456 aperit.
418 1404 538 1443 Forte
567 1409 608 1442 et
636 1404 869 1451 Numitori,⁵
897 1417 1019 1454 quum
1044 1404 1086 1442 in
1114 1403 1293 1442 custodia

102 1470 271 1509 Remum
299 1469 473 1517 haberet,
504 1468 797 1519 audivissetque
825 1469 1002 1519 geminos
1031 1481 1114 1507 esse
1138 1468 1289 1510 fratres.

102 1534 293 1573 memoria
317 1540 507 1584 nepotum
536 1533 711 1571 animum
740 1533 936 1584 tetigerat,
959 1538 999 1571 et
1028 1531 1133 1571 haud
1159 1531 1292 1583 procul

104 1604 188 1638 erat
216 1599 312 1650 quin
343 1598 511 1637 Remum
540 1604 776 1648 agnosceret.
836 1597 898 1635 Ita
926 1596 1085 1635 Amulio
1118 1596 1294 1648 undique

104 1664 217 1702 dolus
244 1663 427 1702 nectitur.
487 1663 678 1701 Romulus
712 1676 798 1700 cum
832 1662 1054 1712 pastoribus
1087 1662 1128 1700 in
1162 1675 1293 1713 regem

104 1729 297 1779 impetum
325 1728 429 1775 facit,
452 1734 492 1766 et
520 1741 542 1766 a
571 1727 687 1766 domo
714 1727 946 1773 Numitoris,
969 1726 1045 1765 alia
1071 1734 1295 1777 comparata

104 1807 235 1839 manu,
284 1793 450 1843 adjuvat
508 1793 668 1833 Remus.
752 1791 814 1829 Ita
864 1805 995 1842 regem
1043 1791 1292 1830 obtruncant.

106 1858 305 1904 Numitor,
369 1864 578 1908 postquam
642 1856 816 1907 juvenes,
880 1862 1103 1907 perpetrata
1165 1856 1293 1903 caede,

104 1922 349 1973 gratulantes
379 1922 427 1960 ad
457 1935 497 1960 so
529 1935 689 1973 pergere
723 1921 834 1967 vidit,
871 1920 1071 1971 externplo
1104 1919 1295 1960 advocato

105 1987 279 2033 coneilio,
315 1987 460 2026 scelera
498 1987 642 2032 fratris,
681 1986 871 2037 originem
906 1992 1105 2036 nepotum,
1136 1985 1295 2025 caedem

106 2052 265 2103 tyranni
295 2050 479 2090 ostendit.
539 2052 666 2099 Quum
694 2051 873 2099 juvenes,
907 2063 976 2100 per
1004 2049 1177 2088 medium
1209 2063 1297 2090 con-
