1438 2296
480 146 517 184 A
525 144 734 184 NCIENT
761 145 874 184 1203]
878 145 922 184 E.
1249 148 1269 184 3
1277 148 1297 183 :3

103 256 229 290 artem
242 250 258 276 ²
277 250 446 289 maxime
461 250 616 296 timens,
634 249 673 287 in
690 249 945 288 subsidiarios
964 249 1075 300 signa
1090 250 1294 298 convertit,

103 314 209 354 haud
238 314 392 361 dubius,
418 314 451 353 si
480 327 544 353 eos
574 313 658 352 loco
688 313 904 364 depulisset
930 313 1081 352 facilem
1109 314 1149 352 in
1173 327 1297 365 aequo

103 392 240 430 campo
268 379 472 417 victoriam
499 378 591 416 fore.
650 377 763 416 Adeo
792 391 870 415 non
899 378 1059 416 fortuna
1084 378 1201 416 modo
1227 378 1296 417 sed

102 444 204 483 ratio
224 443 344 482 etiam
365 456 452 482 cum
473 442 650 481 barbaris
670 443 830 480 stabat.3
887 442 932 480 In
954 442 1077 481 altera
1096 443 1176 482 acie
1198 443 1295 482 nihil

101 507 227 546 simile
257 507 457 552 Romanis,
488 520 566 544 non
601 506 705 557 apud
739 506 870 553 duces,
901 520 979 545 non
1013 507 1117 558 apud
1152 507 1296 547 milites

101 576 196 610 erat.
265 571 394 610 Pavor
427 571 598 622 fugaque
631 577 889 621 occupaverat
917 571 1080 619 animos,
1111 577 1151 610 et
1185 578 1296 611 tanta

101 636 278 676 omnium
311 649 442 675 rerum
477 635 624 675 oblivio
662 641 707 674 ut
739 635 866 674 multo
900 636 1024 685 major
1057 649 1146 687 pars
1176 636 1295 676 Veios

100 696 220 751 quam
252 705 359 739 recto
393 700 533 739 itinere
567 700 734 738 Romam
768 699 818 738 ad
856 700 1042 751 conjuges
1075 714 1117 739 ac
1151 700 1295 739 liberos

99 765 292 815 fugerent.
351 763 569 815 Parumper
602 764 856 802 subsidiarios
887 770 1042 803 tutatus
1072 770 1132 803 est
1161 765 1267 803 locus
1284 781 1294 813 ;

99 829 139 868 in
177 829 331 880 reliqua
367 830 448 868 acie
486 828 603 867 simul
642 834 761 879 atque
807 827 967 867 auditus
1014 834 1073 867 est
1119 829 1293 868 hostium

98 893 254 941 clamor,
294 907 373 932 non
410 893 528 932 modo
565 906 645 931 non
684 898 838 931 tent-ato
875 893 1087 932 certamine
1133 894 1203 932 sed
1244 907 1292 933 ne

98 958 266 997 clamore
295 957 455 1008 quidem
485 957 653 1002 reddito,
676 957 818 1008 integri
849 957 1064 1008 intactique
1092 958 1289 1009 fugerunt.

99 1022 183 1061 Nec
215 1022 297 1061 ulla
329 1022 466 1061 caedes
499 1021 760 1073 pugnantium
794 1021 867 1059 fuit
885 1037 893 1069 ;
936 1027 1046 1073 terga
1079 1035 1189 1060 caesa
1221 1036 1291 1062 suo

96 1085 271 1136 ipsorum
309 1086 522 1124 certamine
560 1086 600 1123 in
639 1086 756 1123 turba
801 1086 935 1137 fugam
978 1086 1285 1136 impedientium.

97 1150 211 1190 Circa
239 1150 364 1201 ripam
394 1150 559 1195 Tiberis,
584 1163 660 1200 quo
687 1151 805 1188 armis
834 1150 997 1200 abjectis
1025 1156 1155 1189 totum
1182 1151 1290 1190 sinis-

96 1221 202 1254 trum
225 1228 347 1254 cornu
369 1214 534 1265 defugit,
556 1227 698 1263 magna
720 1221 870 1265 strages
894 1215 997 1253 facta
1016 1220 1076 1253 est
1092 1229 1102 1262 ς
1131 1215 1291 1254 multos-

95 1292 172 1330 que
205 1279 409 1330 imperitos
438 1279 558 1317 nandi
588 1285 658 1317 aut
690 1279 819 1317 loricis
852 1279 1015 1329 aliisque
1050 1280 1290 1330 tegminibus

94 1343 308 1394 impeditos
346 1343 510 1382 hausere
546 1343 733 1394 gurgites.
805 1343 982 1382 Maxima
1020 1349 1152 1382 tamen
1200 1358 1289 1395 pars

94 1407 301 1447 incolumis
338 1407 458 1447 Veios
496 1407 680 1459 perfugit,
711 1407 817 1446 unde
850 1421 899 1446 ne
932 1408 1096 1446 nuntius
1129 1408 1287 1459 quidem

94 1471 215 1511 cladis
243 1472 411 1511 Romam
441 1472 582 1510 missus
611 1477 680 1510 est.
751 1472 814 1510 Ab
848 1471 990 1510 dextro
1019 1485 1152 1518 cornu,
1182 1473 1288 1523 quod

93 1536 229 1588 procul
249 1550 272 1575 a
287 1536 448 1575 flumine
468 1542 508 1575 et
529 1537 652 1587 magis
672 1536 743 1574 sub
763 1543 897 1575 monte
923 1541 1099 1584 steterat,
1121 1536 1287 1575 Romam

93 1614 228 1640 omnes
255 1601 416 1652 petiere,
447 1607 488 1639 et
517 1613 564 1639 ne
598 1600 738 1639 clausis
768 1600 928 1651 quidem
957 1601 1081 1651 portis
1111 1601 1218 1639 urbis
1246 1601 1286 1639 in

92 1678 220 1704 arcem
239 1661 529 1716 ¹confugerunt.
601 1665 736 1703 Gallos
767 1678 933 1716 quoque,
966 1664 1074 1703 velut
1107 1665 1287 1716 obstupe-

91 1729 226 1778 factos,
260 1729 494 1768 miraculum
532 1729 719 1768 victoriae
757 1735 839 1767 tam
879 1729 1104 1779 repentinae
1143 1730 1282 1768 tenuit.

91 1794 142 1833 Et
170 1794 246 1846 ipsi
274 1807 420 1845 pavore
448 1793 568 1832 defixi
598 1793 766 1844 primum
797 1799 993 1832 steterunt
1023 1793 1133 1832 velut
1161 1794 1286 1845 ignari

90 1858 186 1910 quid
223 1858 456 1907 accidisset;
503 1858 647 1897 deinde
690 1857 854 1896 insidias
892 1858 1041 1906 vereri3
1088 1865 1286 1909 postremo

90 1936 290 1962 caesorum
332 1922 457 1974 spolia
502 1922 642 1974 legere,
692 1935 968 1973 armorumque
1015 1922 1202 1968 cumulos,
1241 1928 1286 1960 ut

89 1998 174 2025 mos
210 1986 258 2025 iis
295 1991 369 2034 est,
407 1999 644 2025 coacervare.
717 1985 818 2024 Tum
865 1985 1036 2033 demum,
1077 1991 1284 2037 postquam

89 2049 188 2089 nihil
243 2063 410 2102 usquam
467 2050 608 2089 hostile
661 2050 905 2097 cernebatur,
963 2051 1066 2089 viam
1122 2050 1285 2102 ingressi

677 2112 696 2135 C
