1438 2296
98 148 147 184 28
524 146 594 184 LE
598 145 779 185 GENDS
808 145 874 185 OF

96 254 279 300 raperent
299 253 338 287 et
359 248 407 286 ad
428 248 663 287 dictatorem
682 249 841 287 ferrent.
901 249 980 288 Sed
999 249 1099 288 hanc
1119 249 1291 289 fabulam

95 327 218 364 neque
251 314 441 352 affirmare
462 327 590 364 neque
621 313 800 352 refellere
829 327 970 365 operae
1000 315 1172 365 pretium
1203 315 1292 353 est.2

94 378 321 425 Cuniculus,
336 378 497 416 delectis
510 377 704 416 militibus
717 392 762 416 eo
782 383 959 429 tempore
975 379 1125 429 plenus,
1140 379 1180 416 in
1195 378 1292 417 aede

92 442 274 489 Junonis,
296 456 396 493 quae
416 443 458 480 in
479 442 700 480 Veientana
720 456 807 480 arce
828 448 923 490 erat,
942 449 1112 481 armatos
1128 448 1291 494 repente

92 506 231 545 edidit.
287 506 340 545 Et
370 520 459 558 pars
492 506 625 545 hostes
660 507 701 544 in
730 520 862 545 muros
891 521 1048 546 aversos
1068 508 1265 546 invadunt
1280 521 1290 555 3

90 585 180 622 pars
201 572 371 610 claustra
386 576 589 622 portarum
606 571 803 610 revellunt
817 587 827 619 5
855 585 954 622 pars,
974 585 1095 622 quum
1112 585 1160 610 ex
1176 572 1290 610 tectis

91 650 186 674 saxa
219 636 454 687 tegulaeque
483 649 505 674 a
534 635 765 674 mulieribus
794 650 837 674 ac
866 637 1038 674 servitiis
1054 637 1288 686 jacerentur,

90 700 268 739 inferunt
298 701 420 751 ignes.
497 699 656 738 Clamor
685 701 818 738 omnia
846 701 964 739 variis
993 701 1227 739 terrentium
1247 714 1289 739 ac

89 765 320 815 paventium
357 764 531 811 vocibus,
572 764 700 803 mixto
738 765 947 819 mulierum
988 779 1032 803 ac
1077 778 1288 815 puerorum

89 829 246 879 ploratu
266 829 445 880 complet.
505 829 712 867 Momento
727 830 914 879 temporis
928 829 1089 879 dejectis
1109 843 1158 868 ex
1177 842 1288 868 muro

88 893 264 944 undique
312 893 486 940 armatis,
527 893 814 943 patefactisque
852 894 989 943 portis,
1027 894 1094 932 alii
1132 894 1287 945 agmine

87 958 227 1005 irrunt,
263 957 330 996 alii
364 958 542 995 desertos
571 957 767 995 scandunt
795 971 927 995 muros
942 973 952 1006 ;
982 958 1073 996 urbs
1106 958 1287 996 hostibus

87 1022 284 1073 impletur,
307 1022 491 1061 omnibus
511 1021 606 1059 locis
627 1027 837 1072 pugnatur.
896 1022 1051 1060 Deinde
1064 1022 1189 1060 multa
1203 1022 1287 1073 jam

87 1087 193 1125 edita
209 1087 326 1125 caede
342 1086 511 1125 senescit
527 1092 718 1137 pugna,et
732 1086 902 1125 dictator
914 1100 1124 1137 praecones
1137 1075 1286 1126 edicere

84 1151 198 1201 jubet
213 1156 258 1189 ut
278 1152 326 1189 ab
348 1151 489 1189 inermi
505 1151 781 1189 abstineatur.3
821 1151 860 1188 Is
876 1151 964 1189 finis
980 1151 1181 1202 sanguinis
1197 1151 1282 1190 fuit.

84 1216 188 1255 Dedi
201 1217 294 1255 inde
310 1217 480 1255 inermes
494 1216 633 1266 coepti,
652 1220 692 1254 et
706 1215 754 1253 ad
769 1215 954 1266 praedam
967 1215 1079 1254 miles
1092 1216 1297 1266 permissu

84 1281 287 1320 dictatoris
309 1281 505 1319 discurrit.
565 1281 699 1331 Atque
720 1280 787 1318 illa
807 1280 891 1319 dies
912 1280 1028 1318 caede
1048 1280 1220 1319 hostium
1241 1295 1284 1320 ac

84 1346 308 1397 direptione
329 1346 438 1384 urbis
459 1345 782 1396 opulentissimae
803 1351 862 1384 est
882 1352 1147 1396 consumptus.
1207 1346 1284 1385 Hic

84 1412 274 1450 Veiorum
309 1424 468 1449 occasus
501 1411 590 1458 fuit,
626 1410 735 1448 urbis
769 1410 1090 1461 opulentissimae
1127 1411 1282 1450 Etrusci

83 1476 286 1523 nominis,4
316 1475 634 1526 magnitudinem
666 1488 774 1512 suam
804 1474 868 1513 vel
896 1474 1038 1512 ultima
1057 1474 1166 1513 clade
1184 1475 1283 1514 indi-

81 1541 220 1588 cantis,
260 1541 368 1592 quod
411 1540 547 1579 decem
585 1545 754 1578 aestates
801 1540 1027 1591 hiemesque
1075 1540 1281 1580 continuas

81 1607 342 1654 circumsessa,
393 1619 515 1656 quum
563 1604 652 1655 plus
700 1604 870 1643 cladium
918 1604 1117 1643 intulisset
1163 1618 1280 1656 quam

80 1671 322 1721 accepissset‚
370 1676 581 1720 postremo,
628 1669 710 1719 jam
768 1669 850 1708 fato
898 1682 1053 1720 quoque
1100 1676 1276 1721 urgente,

80 1736 262 1788 operibus
283 1749 362 1773 non
383 1735 421 1773 vi
443 1739 668 1785 expugnata
688 1739 757 1772 est.

132 1801 300 1839 Romam
332 1806 378 1838 ut
410 1799 639 1837 nuntiatum
672 1804 732 1837 est
766 1798 885 1837 Veios
915 1803 1061 1849 captos,
1091 1798 1201 1837 velut
1229 1813 1277 1839 ex

78 1867 278 1917 insperato
326 1865 561 1902 immensum
609 1863 799 1914 gaudium
846 1863 933 1910 suit,
963 1869 1003 1902 et
1048 1864 1277 1915 priusquam

78 1937 238 1969 senatus
271 1930 509 1976 decerneret,
533 1928 648 1978 plena
679 1928 810 1966 omnia
840 1927 988 1978 templa
1008 1928 1276 1967 Romanarum

77 2001 248 2034 matrum
295 2000 424 2045 grates
471 1993 532 2031 dis
577 1993 779 2044 agentium
827 1999 949 2031 erant.
1020 1992 1188 2031 Senatus
1234 1994 1275 2032 in

77 2059 333 2111 quatriduum
349 2058 657 2110 supplicationes
673 2057 859 2096 decernit.
892 2057 1103 2096 Adventus
1119 2071 1274 2109 quoque
