1438 2296
156 142 177 177 3
184 141 203 178 6
577 140 647 178 LE
652 139 832 178 GENDS
861 140 927 178 OF

156 244 301 283 bantur
337 244 444 283 viros
481 244 522 282 in
561 244 720 283 aedium
767 244 975 282 vestibulis
1022 244 1216 292 sedentes,
1265 244 1336 295 qui

154 313 310 359 praeter
329 314 513 347 ornatum
533 308 804 360 habitumque,
826 310 1034 359 majestate
1055 310 1175 348 etiam
1195 310 1350 361 orisque

155 374 350 424 gravitate
389 373 449 411 dis
487 373 678 411 simillimi
715 374 966 412 videbantur.
1036 374 1102 412 Ad
1140 387 1205 413 eos
1241 374 1351 413 velut

157 438 365 476 simulacra
398 438 502 476 versi
537 452 660 488 quum
692 443 854 485 starent,
877 439 932 477 M.
956 439 1139 489 Papirius
1170 452 1272 477 unus
1302 452 1352 477 ex

156 503 403 541 senatoribus
433 503 594 541 Gallum
623 503 785 541 barbam
817 516 927 541 suam
947 502 1258 552 permulcentem
1280 503 1353 541 sci-

156 567 273 618 pione
294 568 464 605 eburneo
484 567 720 617 percussisse
737 567 904 614 dicitur3
934 573 1053 617 atque
1067 567 1115 605 ab
1131 580 1176 605 eo
1191 567 1352 605 initium

156 631 285 670 caedis
300 637 442 679 ortum,
460 637 608 670 ceteros
629 632 670 669 iu
691 631 848 670 sedibus
868 632 948 669 suis
969 631 1197 670 trucidatos.
1255 632 1352 670 Post

156 696 380 747 principum
409 696 568 734 caedem
597 696 696 734 nulli
725 696 869 734 deinde
897 696 1127 734 mortalium
1165 696 1351 747 parcitur,

158 765 262 799 tecta
281 760 537 811 diripiuntur,
559 760 764 800 exhaustis
779 760 890 812 ignes
909 760 1152 811 injiciuntur.

159 955 268 994 XVI.
301 953 395 994 ΤΗΕ
425 954 553 993 SIEGE
573 965 625 993 or
644 965 729 993 THE
759 955 957 1003 CITADEL‚
980 965 1071 994 AND
1099 955 1274 994 DEFEAT
1302 965 1356 995 OF

335 1035 420 1063 THE
441 1025 588 1064 GAULs
608 1035 664 1063 ΒΥ
686 1025 916 1064 CAMILLUS.
984 1035 1059 1064 Bo.
1086 1027 1171 1065 390.

159 1146 305 1193 GALLI,
336 1160 459 1197 quum
487 1146 593 1184 inter
621 1145 804 1184 incendia
841 1159 884 1184 ac
918 1145 1052 1184 ruinas
1082 1150 1219 1196 captae
1248 1146 1356 1185 urbis

160 1211 258 1249 nihil
280 1225 481 1262 superesse
501 1216 657 1261 praeter
677 1216 848 1249 armatos
868 1210 1001 1249 hostes
1022 1211 1216 1259 viderent,
1238 1211 1356 1262 impe-

160 1281 244 1314 tum
265 1276 305 1314 in
327 1290 454 1314 arcem
475 1276 601 1314 facere
622 1280 816 1314 statuunt.
875 1275 1009 1314 Prima
1029 1275 1115 1314 luce
1136 1276 1249 1326 signo
1263 1275 1356 1314 dato

160 1340 374 1379 multitudo
395 1341 521 1379 omnis
542 1341 583 1378 in
603 1340 689 1379 foro
709 1339 920 1378 instruitur
934 1355 944 1388 3
973 1339 1066 1378 inde
1087 1339 1254 1378 clamore
1270 1341 1358 1379 sub-

160 1406 240 1444 lato
278 1419 322 1444 ac
360 1405 560 1444 testudine
575 1405 586 1425 1
624 1405 729 1443 facta
766 1405 949 1443 subeunt.
1018 1404 1222 1443 Adversus
1260 1418 1357 1455 quos

161 1471 342 1517 Romani,
373 1470 610 1508 stationibus
640 1469 689 1507 ad
720 1482 854 1507 omnes
883 1469 1016 1507 aditus
1045 1468 1222 1517 firmatis,
1253 1482 1358 1508 scan-

161 1535 253 1574 dere
273 1535 428 1573 hostem
449 1534 585 1572 sinunt
600 1548 610 1582 3
639 1546 716 1584 quo
736 1534 861 1583 magis
876 1533 917 1571 in
933 1532 1100 1571 arduum
1117 1533 1356 1581 successerit,

161 1613 206 1639 eo
236 1599 388 1638 facilius
418 1612 488 1649 per
517 1598 689 1649 proclive
720 1597 814 1648 pelli
843 1611 955 1648 posse
976 1597 1062 1635 rati.
1121 1597 1257 1636 Medio
1277 1597 1358 1636 fere

161 1665 262 1703 clivo
283 1664 475 1710 restitere,
493 1668 612 1713 atque
632 1662 725 1701 inde
746 1675 795 1701 ex
815 1662 899 1700 loco
920 1662 1131 1712 superiore,
1149 1661 1216 1711 qui
1237 1674 1358 1712 prope

161 1743 231 1768 sua
252 1735 392 1780 sponte
423 1728 464 1766 in
494 1728 649 1766 hostem
679 1727 887 1773 inferebat,
909 1727 1061 1776 impetu
1090 1726 1194 1764 facto
1223 1725 1359 1765 Gallos

162 1800 272 1833 tante
293 1800 423 1845 strage
445 1807 488 1831 ac
508 1793 623 1831 ruina
643 1792 791 1839 fudere,
814 1797 860 1830 ut
880 1804 1083 1842 nunquam
1113 1796 1251 1842 postea
1280 1790 1358 1829 tale

161 1873 283 1909 genus
304 1871 458 1910 pugnae
480 1857 737 1896 tentaverint.

216 1924 371 1963 Omissa
392 1923 524 1973 itaque
545 1935 613 1972 spe
635 1934 705 1972 per
724 1921 804 1959 vim
819 1926 938 1971 atque
952 1933 1060 1959 arma
1073 1919 1281 1968 subeundi,
1295 1920 1360 1959 ob-

162 1988 354 2027 sidionem
374 1992 527 2038 parant.
577 1986 764 2025 Exercitu
785 1985 913 2023 diviso
926 1985 1071 2036 partim
1088 1998 1158 2035 per
1170 1985 1359 2024 finitimos

163 2052 326 2104 populos
357 2051 537 2102 praedari
570 2050 729 2101 placuit,
763 2051 905 2101 partim
940 2049 1111 2088 obsideri
1146 2063 1287 2091 arcem.
1315 2056 1360 2088 ut
